{
  "44739243": {
    "amount": "108.14146746",
    "type": "buy",
    "quantity": "0.00901254",
    "date": 1516805403,
    "trade_id": 44739243,
    "price": "11999"
  },
  "44744710": {
    "amount": "23.84139612",
    "type": "buy",
    "quantity": "0.00199617",
    "date": 1516807286,
    "trade_id": 44744710,
    "price": "11943.57"
  },
  "44748801": {
    "amount": "614.782568",
    "type": "buy",
    "quantity": "0.05144624",
    "date": 1516808831,
    "trade_id": 44748801,
    "price": "11950"
  },
  "44750168": {
    "amount": "11.91174261",
    "type": "buy",
    "quantity": "0.001",
    "date": 1516809476,
    "trade_id": 44750168,
    "price": "11911.7426157"
  },
  "44750169": {
    "amount": "24.49258",
    "type": "sell",
    "quantity": "0.0020582",
    "date": 1516809478,
    "trade_id": 44750169,
    "price": "11900"
  },
  "44736539": {
    "amount": "72.2027983",
    "type": "buy",
    "quantity": "0.00601695",
    "date": 1516804949,
    "trade_id": 44736539,
    "price": "11999.9"
  },
  "44744733": {
    "amount": "44.23695287",
    "type": "buy",
    "quantity": "0.00370383",
    "date": 1516807299,
    "trade_id": 44744733,
    "price": "11943.57"
  },
  "44744734": {
    "amount": "85.04973724",
    "type": "buy",
    "quantity": "0.00711892",
    "date": 1516807299,
    "trade_id": 44744734,
    "price": "11947"
  },
  "44736543": {
    "amount": "101.77187189",
    "type": "buy",
    "quantity": "0.00848106",
    "date": 1516804950,
    "trade_id": 44736543,
    "price": "11999.9"
  },
  "44736544": {
    "amount": "146.16804",
    "type": "buy",
    "quantity": "0.01218067",
    "date": 1516804950,
    "trade_id": 44736544,
    "price": "12000"
  },
  "44744739": {
    "amount": "301.69866623",
    "type": "buy",
    "quantity": "0.02525309",
    "date": 1516807301,
    "trade_id": 44744739,
    "price": "11947"
  },
  "44746427": {
    "amount": "122.942317",
    "type": "buy",
    "quantity": "0.01028806",
    "date": 1516807871,
    "trade_id": 44746427,
    "price": "11950"
  },
  "44744743": {
    "amount": "70.5002082",
    "type": "buy",
    "quantity": "0.0058996",
    "date": 1516807302,
    "trade_id": 44744743,
    "price": "11949.998"
  },
  "44741517": {
    "amount": "182.76144",
    "type": "buy",
    "quantity": "0.01523012",
    "date": 1516806069,
    "trade_id": 44741517,
    "price": "12000"
  },
  "44744749": {
    "amount": "164.619144",
    "type": "buy",
    "quantity": "0.0137831",
    "date": 1516807303,
    "trade_id": 44744749,
    "price": "11943.55"
  },
  "44736569": {
    "amount": "11.9999",
    "type": "buy",
    "quantity": "0.001",
    "date": 1516804960,
    "trade_id": 44736569,
    "price": "11999.9"
  },
  "44744766": {
    "amount": "126.3483073",
    "type": "buy",
    "quantity": "0.01057879",
    "date": 1516807312,
    "trade_id": 44744766,
    "price": "11943.55"
  },
  "44736575": {
    "amount": "13.19989",
    "type": "buy",
    "quantity": "0.0011",
    "date": 1516804961,
    "trade_id": 44736575,
    "price": "11999.9"
  },
  "44744775": {
    "amount": "16.95912438",
    "type": "buy",
    "quantity": "0.00141994",
    "date": 1516807316,
    "trade_id": 44744775,
    "price": "11943.55"
  },
  "44736585": {
    "amount": "11.9999",
    "type": "buy",
    "quantity": "0.001",
    "date": 1516804962,
    "trade_id": 44736585,
    "price": "11999.9"
  },
  "44744778": {
    "amount": "110.26237585",
    "type": "buy",
    "quantity": "0.00923196",
    "date": 1516807317,
    "trade_id": 44744778,
    "price": "11943.55"
  },
  "44750520": {
    "amount": "16.11363",
    "type": "buy",
    "quantity": "0.0013598",
    "date": 1516809585,
    "trade_id": 44750520,
    "price": "11850"
  },
  "44744781": {
    "amount": "315.6680265",
    "type": "buy",
    "quantity": "0.02643",
    "date": 1516807317,
    "trade_id": 44744781,
    "price": "11943.55"
  },
  "44726968": {
    "amount": "24.4980515",
    "type": "buy",
    "quantity": "0.00203726",
    "date": 1516802877,
    "trade_id": 44726968,
    "price": "12025"
  },
  "44736594": {
    "amount": "12.32953725",
    "type": "buy",
    "quantity": "0.00102747",
    "date": 1516804963,
    "trade_id": 44736594,
    "price": "11999.9"
  },
  "44736596": {
    "amount": "159.56448",
    "type": "buy",
    "quantity": "0.01329704",
    "date": 1516804964,
    "trade_id": 44736596,
    "price": "12000"
  },
  "44736598": {
    "amount": "29.05032",
    "type": "buy",
    "quantity": "0.00242086",
    "date": 1516804964,
    "trade_id": 44736598,
    "price": "12000"
  },
  "44736603": {
    "amount": "428.87148",
    "type": "buy",
    "quantity": "0.03573929",
    "date": 1516804964,
    "trade_id": 44736603,
    "price": "12000"
  },
  "44736336": {
    "amount": "143.976",
    "type": "buy",
    "quantity": "0.012",
    "date": 1516804909,
    "trade_id": 44736336,
    "price": "11998.00000001"
  },
  "44736609": {
    "amount": "128.65092",
    "type": "buy",
    "quantity": "0.01072091",
    "date": 1516804965,
    "trade_id": 44736609,
    "price": "12000"
  },
  "44744804": {
    "amount": "257.61051",
    "type": "buy",
    "quantity": "0.02157",
    "date": 1516807336,
    "trade_id": 44744804,
    "price": "11943"
  },
  "44744807": {
    "amount": "180.327357",
    "type": "buy",
    "quantity": "0.015099",
    "date": 1516807337,
    "trade_id": 44744807,
    "price": "11943"
  },
  "44736617": {
    "amount": "12",
    "type": "buy",
    "quantity": "0.001",
    "date": 1516804966,
    "trade_id": 44736617,
    "price": "12000"
  },
  "44744810": {
    "amount": "315.65349",
    "type": "buy",
    "quantity": "0.02643",
    "date": 1516807338,
    "trade_id": 44744810,
    "price": "11943"
  },
  "44744813": {
    "amount": "105.110343",
    "type": "buy",
    "quantity": "0.008801",
    "date": 1516807338,
    "trade_id": 44744813,
    "price": "11943"
  },
  "44736627": {
    "amount": "25.62192",
    "type": "buy",
    "quantity": "0.00213516",
    "date": 1516804968,
    "trade_id": 44736627,
    "price": "12000"
  },
  "44744829": {
    "amount": "44.51456633",
    "type": "buy",
    "quantity": "0.00372708",
    "date": 1516807348,
    "trade_id": 44744829,
    "price": "11943.55"
  },
  "44744830": {
    "amount": "31.53382898",
    "type": "sell",
    "quantity": "0.0026403",
    "date": 1516807349,
    "trade_id": 44744830,
    "price": "11943.275"
  },
  "44728448": {
    "amount": "49.999975",
    "type": "buy",
    "quantity": "0.0041425",
    "date": 1516803127,
    "trade_id": 44728448,
    "price": "12070"
  },
  "44736641": {
    "amount": "17.99544",
    "type": "buy",
    "quantity": "0.00149962",
    "date": 1516804971,
    "trade_id": 44736641,
    "price": "12000"
  },
  "44728450": {
    "amount": "1.05833804",
    "type": "buy",
    "quantity": "0.00008761",
    "date": 1516803127,
    "trade_id": 44728450,
    "price": "12080.1055"
  },
  "44728451": {
    "amount": "17.07453395",
    "type": "buy",
    "quantity": "0.00141287",
    "date": 1516803127,
    "trade_id": 44728451,
    "price": "12085"
  },
  "44728452": {
    "amount": "768.81558",
    "type": "buy",
    "quantity": "0.06357",
    "date": 1516803127,
    "trade_id": 44728452,
    "price": "12094"
  },
  "44728453": {
    "amount": "27.79345879",
    "type": "buy",
    "quantity": "0.00229796",
    "date": 1516803127,
    "trade_id": 44728453,
    "price": "12094.84011696"
  },
  "44728454": {
    "amount": "16.89901305",
    "type": "buy",
    "quantity": "0.00139719",
    "date": 1516803127,
    "trade_id": 44728454,
    "price": "12095"
  },
  "44728455": {
    "amount": "50.11939776",
    "type": "buy",
    "quantity": "0.0041428",
    "date": 1516803127,
    "trade_id": 44728455,
    "price": "12097.95253561"
  },
  "44728456": {
    "amount": "46.03283096",
    "type": "buy",
    "quantity": "0.00380437",
    "date": 1516803127,
    "trade_id": 44728456,
    "price": "12099.9879"
  },
  "44728457": {
    "amount": "539.523633",
    "type": "buy",
    "quantity": "0.04458873",
    "date": 1516803127,
    "trade_id": 44728457,
    "price": "12100"
  },
  "44744843": {
    "amount": "11.94355",
    "type": "buy",
    "quantity": "0.001",
    "date": 1516807352,
    "trade_id": 44744843,
    "price": "11943.55"
  },
  "44736654": {
    "amount": "1616.47392",
    "type": "buy",
    "quantity": "0.13470616",
    "date": 1516804972,
    "trade_id": 44736654,
    "price": "12000"
  },
  "44726979": {
    "amount": "15.3619375",
    "type": "buy",
    "quantity": "0.0012775",
    "date": 1516802883,
    "trade_id": 44726979,
    "price": "12025"
  },
  "44744852": {
    "amount": "20.17050611",
    "type": "buy",
    "quantity": "0.00168882",
    "date": 1516807353,
    "trade_id": 44744852,
    "price": "11943.55"
  },
  "44742339": {
    "amount": "23.94704816",
    "type": "buy",
    "quantity": "0.00199592",
    "date": 1516806457,
    "trade_id": 44742339,
    "price": "11998"
  },
  "44744858": {
    "amount": "16.32193599",
    "type": "buy",
    "quantity": "0.00136659",
    "date": 1516807355,
    "trade_id": 44744858,
    "price": "11943.55"
  },
  "44736669": {
    "amount": "51.37812",
    "type": "buy",
    "quantity": "0.00428151",
    "date": 1516804974,
    "trade_id": 44736669,
    "price": "12000"
  },
  "44744862": {
    "amount": "11.94355",
    "type": "buy",
    "quantity": "0.001",
    "date": 1516807357,
    "trade_id": 44744862,
    "price": "11943.55"
  },
  "44744869": {
    "amount": "12.05116138",
    "type": "buy",
    "quantity": "0.00100901",
    "date": 1516807359,
    "trade_id": 44744869,
    "price": "11943.55"
  },
  "44736679": {
    "amount": "35.95584",
    "type": "buy",
    "quantity": "0.00299632",
    "date": 1516804975,
    "trade_id": 44736679,
    "price": "12000"
  },
  "44736686": {
    "amount": "39.75168",
    "type": "buy",
    "quantity": "0.00331264",
    "date": 1516804976,
    "trade_id": 44736686,
    "price": "12000"
  },
  "44736687": {
    "amount": "39.94632",
    "type": "buy",
    "quantity": "0.00332886",
    "date": 1516804977,
    "trade_id": 44736687,
    "price": "12000"
  },
  "44744880": {
    "amount": "12.05116138",
    "type": "buy",
    "quantity": "0.00100901",
    "date": 1516807361,
    "trade_id": 44744880,
    "price": "11943.55"
  },
  "44735176": {
    "amount": "233.43792",
    "type": "buy",
    "quantity": "0.01945316",
    "date": 1516804733,
    "trade_id": 44735176,
    "price": "12000"
  },
  "44736692": {
    "amount": "98.5134",
    "type": "buy",
    "quantity": "0.00820945",
    "date": 1516804978,
    "trade_id": 44736692,
    "price": "12000"
  },
  "44748591": {
    "amount": "23.6955355",
    "type": "buy",
    "quantity": "0.00198289",
    "date": 1516808698,
    "trade_id": 44748591,
    "price": "11950"
  },
  "44736339": {
    "amount": "50.64127838",
    "type": "buy",
    "quantity": "0.00422081",
    "date": 1516804910,
    "trade_id": 44736339,
    "price": "11998.00000001"
  },
  "44744891": {
    "amount": "12.05116138",
    "type": "buy",
    "quantity": "0.00100901",
    "date": 1516807362,
    "trade_id": 44744891,
    "price": "11943.55"
  },
  "44736700": {
    "amount": "24.04812",
    "type": "buy",
    "quantity": "0.00200401",
    "date": 1516804979,
    "trade_id": 44736700,
    "price": "12000"
  },
  "44728510": {
    "amount": "14458.16526",
    "type": "buy",
    "quantity": "1.1957",
    "date": 1516803136,
    "trade_id": 44728510,
    "price": "12091.8"
  },
  "44744908": {
    "amount": "12.0539084",
    "type": "buy",
    "quantity": "0.00100924",
    "date": 1516807364,
    "trade_id": 44744908,
    "price": "11943.55"
  },
  "44735181": {
    "amount": "20.526",
    "type": "buy",
    "quantity": "0.0017105",
    "date": 1516804734,
    "trade_id": 44735181,
    "price": "12000"
  },
  "44744914": {
    "amount": "12.0502059",
    "type": "buy",
    "quantity": "0.00100893",
    "date": 1516807366,
    "trade_id": 44744914,
    "price": "11943.55"
  },
  "44744919": {
    "amount": "11.94355",
    "type": "buy",
    "quantity": "0.001",
    "date": 1516807370,
    "trade_id": 44744919,
    "price": "11943.55"
  },
  "44736732": {
    "amount": "20.58936",
    "type": "buy",
    "quantity": "0.00171578",
    "date": 1516804983,
    "trade_id": 44736732,
    "price": "12000"
  },
  "44728541": {
    "amount": "24.5911766",
    "type": "sell",
    "quantity": "0.00203738",
    "date": 1516803144,
    "trade_id": 44728541,
    "price": "12070"
  },
  "44744926": {
    "amount": "11.94355",
    "type": "buy",
    "quantity": "0.001",
    "date": 1516807372,
    "trade_id": 44744926,
    "price": "11943.55"
  },
  "44750203": {
    "amount": "11.9",
    "type": "buy",
    "quantity": "0.001",
    "date": 1516809488,
    "trade_id": 44750203,
    "price": "11900"
  },
  "44744937": {
    "amount": "20.92327489",
    "type": "sell",
    "quantity": "0.0017526",
    "date": 1516807372,
    "trade_id": 44744937,
    "price": "11938.42"
  },
  "44749737": {
    "amount": "24.705657",
    "type": "sell",
    "quantity": "0.00207",
    "date": 1516809274,
    "trade_id": 44749737,
    "price": "11935.1"
  },
  "44744939": {
    "amount": "86.11144283",
    "type": "buy",
    "quantity": "0.00720987",
    "date": 1516807372,
    "trade_id": 44744939,
    "price": "11943.55"
  },
  "44736758": {
    "amount": "202.22736",
    "type": "buy",
    "quantity": "0.01685228",
    "date": 1516804985,
    "trade_id": 44736758,
    "price": "12000"
  },
  "44736759": {
    "amount": "50.00004",
    "type": "buy",
    "quantity": "0.00416667",
    "date": 1516804986,
    "trade_id": 44736759,
    "price": "12000"
  },
  "44750253": {
    "amount": "523.0368",
    "type": "sell",
    "quantity": "0.044",
    "date": 1516809501,
    "trade_id": 44750253,
    "price": "11887.2"
  },
  "44744954": {
    "amount": "12.05032533",
    "type": "buy",
    "quantity": "0.00100894",
    "date": 1516807374,
    "trade_id": 44744954,
    "price": "11943.55"
  },
  "44736764": {
    "amount": "23.95608",
    "type": "buy",
    "quantity": "0.00199634",
    "date": 1516804986,
    "trade_id": 44736764,
    "price": "12000"
  },
  "44736766": {
    "amount": "471.47712",
    "type": "buy",
    "quantity": "0.03928976",
    "date": 1516804986,
    "trade_id": 44736766,
    "price": "12000"
  },
  "44735989": {
    "amount": "647.53403994",
    "type": "buy",
    "quantity": "0.05396117",
    "date": 1516804833,
    "trade_id": 44735989,
    "price": "11999.999999"
  },
  "44736768": {
    "amount": "534.9336",
    "type": "buy",
    "quantity": "0.0445778",
    "date": 1516804986,
    "trade_id": 44736768,
    "price": "12000"
  },
  "44744963": {
    "amount": "12.05032533",
    "type": "buy",
    "quantity": "0.00100894",
    "date": 1516807375,
    "trade_id": 44744963,
    "price": "11943.55"
  },
  "44736773": {
    "amount": "53.2356",
    "type": "buy",
    "quantity": "0.0044363",
    "date": 1516804986,
    "trade_id": 44736773,
    "price": "12000"
  },
  "44745889": {
    "amount": "14.88820745",
    "type": "sell",
    "quantity": "0.00124765",
    "date": 1516807687,
    "trade_id": 44745889,
    "price": "11933"
  },
  "44744970": {
    "amount": "11.94355",
    "type": "buy",
    "quantity": "0.001",
    "date": 1516807377,
    "trade_id": 44744970,
    "price": "11943.55"
  },
  "44728587": {
    "amount": "28.3097646",
    "type": "buy",
    "quantity": "0.00234",
    "date": 1516803153,
    "trade_id": 44728587,
    "price": "12098.19"
  },
  "44728588": {
    "amount": "254.095359",
    "type": "buy",
    "quantity": "0.021",
    "date": 1516803153,
    "trade_id": 44728588,
    "price": "12099.779"
  },
  "44728589": {
    "amount": "200.50939388",
    "type": "buy",
    "quantity": "0.01657119",
    "date": 1516803153,
    "trade_id": 44728589,
    "price": "12099.879"
  },
  "44728590": {
    "amount": "1061.355493",
    "type": "buy",
    "quantity": "0.08771533",
    "date": 1516803153,
    "trade_id": 44728590,
    "price": "12100"
  },
  "44728591": {
    "amount": "603.539409",
    "type": "buy",
    "quantity": "0.04987929",
    "date": 1516803153,
    "trade_id": 44728591,
    "price": "12100"
  },
  "44728592": {
    "amount": "32.00087",
    "type": "buy",
    "quantity": "0.0026447",
    "date": 1516803153,
    "trade_id": 44728592,
    "price": "12100"
  },
  "44728593": {
    "amount": "37.129697",
    "type": "buy",
    "quantity": "0.00306857",
    "date": 1516803153,
    "trade_id": 44728593,
    "price": "12100"
  },
  "44736786": {
    "amount": "28.53324",
    "type": "buy",
    "quantity": "0.00237777",
    "date": 1516804988,
    "trade_id": 44736786,
    "price": "12000"
  },
  "44750254": {
    "amount": "121.98938654",
    "type": "sell",
    "quantity": "0.01026242",
    "date": 1516809501,
    "trade_id": 44750254,
    "price": "11887"
  },
  "44728600": {
    "amount": "159.485139",
    "type": "sell",
    "quantity": "0.01318059",
    "date": 1516803155,
    "trade_id": 44728600,
    "price": "12100"
  },
  "44736793": {
    "amount": "13.2",
    "type": "buy",
    "quantity": "0.0011",
    "date": 1516804989,
    "trade_id": 44736793,
    "price": "12000"
  },
  "44730341": {
    "amount": "84.17885256",
    "type": "sell",
    "quantity": "0.00690843",
    "date": 1516803566,
    "trade_id": 44730341,
    "price": "12184.94687895"
  },
  "44736804": {
    "amount": "13.2",
    "type": "buy",
    "quantity": "0.0011",
    "date": 1516804991,
    "trade_id": 44736804,
    "price": "12000"
  },
  "44736805": {
    "amount": "21.34644",
    "type": "buy",
    "quantity": "0.00177887",
    "date": 1516804991,
    "trade_id": 44736805,
    "price": "12000"
  },
  "44744999": {
    "amount": "11.94355",
    "type": "buy",
    "quantity": "0.001",
    "date": 1516807384,
    "trade_id": 44744999,
    "price": "11943.55"
  },
  "44736814": {
    "amount": "21.3492",
    "type": "buy",
    "quantity": "0.0017791",
    "date": 1516804991,
    "trade_id": 44736814,
    "price": "12000"
  },
  "44748851": {
    "amount": "23.8073875",
    "type": "buy",
    "quantity": "0.00199225",
    "date": 1516808846,
    "trade_id": 44748851,
    "price": "11950"
  },
  "44736823": {
    "amount": "66.56664",
    "type": "buy",
    "quantity": "0.00554722",
    "date": 1516804993,
    "trade_id": 44736823,
    "price": "12000"
  },
  "44745017": {
    "amount": "11.94355",
    "type": "buy",
    "quantity": "0.001",
    "date": 1516807388,
    "trade_id": 44745017,
    "price": "11943.55"
  },
  "44736835": {
    "amount": "13.2",
    "type": "buy",
    "quantity": "0.0011",
    "date": 1516804994,
    "trade_id": 44736835,
    "price": "12000"
  },
  "44745028": {
    "amount": "23.86309346",
    "type": "buy",
    "quantity": "0.00199799",
    "date": 1516807390,
    "trade_id": 44745028,
    "price": "11943.55"
  },
  "44736838": {
    "amount": "251.65668",
    "type": "buy",
    "quantity": "0.02097139",
    "date": 1516804995,
    "trade_id": 44736838,
    "price": "12000"
  },
  "44728651": {
    "amount": "36.291",
    "type": "buy",
    "quantity": "0.003",
    "date": 1516803170,
    "trade_id": 44728651,
    "price": "12097"
  },
  "44728652": {
    "amount": "63.70892",
    "type": "buy",
    "quantity": "0.0052652",
    "date": 1516803170,
    "trade_id": 44728652,
    "price": "12100"
  },
  "44736845": {
    "amount": "13.2",
    "type": "buy",
    "quantity": "0.0011",
    "date": 1516804996,
    "trade_id": 44736845,
    "price": "12000"
  },
  "44745038": {
    "amount": "9.20584946",
    "type": "buy",
    "quantity": "0.00077078",
    "date": 1516807392,
    "trade_id": 44745038,
    "price": "11943.55"
  },
  "44750256": {
    "amount": "237.6",
    "type": "sell",
    "quantity": "0.02",
    "date": 1516809501,
    "trade_id": 44750256,
    "price": "11880"
  },
  "44736852": {
    "amount": "168.23208",
    "type": "buy",
    "quantity": "0.01401934",
    "date": 1516804998,
    "trade_id": 44736852,
    "price": "12000"
  },
  "44736856": {
    "amount": "13.2",
    "type": "buy",
    "quantity": "0.0011",
    "date": 1516804999,
    "trade_id": 44736856,
    "price": "12000"
  },
  "44746127": {
    "amount": "23.682749",
    "type": "buy",
    "quantity": "0.00198182",
    "date": 1516807760,
    "trade_id": 44746127,
    "price": "11950"
  },
  "44736861": {
    "amount": "113.79864",
    "type": "buy",
    "quantity": "0.00948322",
    "date": 1516805000,
    "trade_id": 44736861,
    "price": "12000"
  },
  "44736867": {
    "amount": "75.9372",
    "type": "buy",
    "quantity": "0.0063281",
    "date": 1516805002,
    "trade_id": 44736867,
    "price": "12000"
  },
  "44745061": {
    "amount": "23.93042718",
    "type": "buy",
    "quantity": "0.00200263",
    "date": 1516807401,
    "trade_id": 44745061,
    "price": "11949.5"
  },
  "44745063": {
    "amount": "23.83256078",
    "type": "buy",
    "quantity": "0.00199444",
    "date": 1516807401,
    "trade_id": 44745063,
    "price": "11949.5"
  },
  "44736872": {
    "amount": "53.42292",
    "type": "buy",
    "quantity": "0.00445191",
    "date": 1516805004,
    "trade_id": 44736872,
    "price": "12000"
  },
  "44736875": {
    "amount": "40.78992",
    "type": "buy",
    "quantity": "0.00339916",
    "date": 1516805004,
    "trade_id": 44736875,
    "price": "12000"
  },
  "44745070": {
    "amount": "23.83256078",
    "type": "buy",
    "quantity": "0.00199444",
    "date": 1516807403,
    "trade_id": 44745070,
    "price": "11949.5"
  },
  "44736882": {
    "amount": "23.18074811",
    "type": "sell",
    "quantity": "0.00193189",
    "date": 1516805005,
    "trade_id": 44736882,
    "price": "11999"
  },
  "44736883": {
    "amount": "24.05508",
    "type": "buy",
    "quantity": "0.00200459",
    "date": 1516805006,
    "trade_id": 44736883,
    "price": "12000"
  },
  "44736886": {
    "amount": "44.08332",
    "type": "buy",
    "quantity": "0.00367361",
    "date": 1516805006,
    "trade_id": 44736886,
    "price": "12000"
  },
  "44745082": {
    "amount": "89.25906065",
    "type": "buy",
    "quantity": "0.00746969",
    "date": 1516807405,
    "trade_id": 44745082,
    "price": "11949.5"
  },
  "44736894": {
    "amount": "43.863",
    "type": "buy",
    "quantity": "0.00365525",
    "date": 1516805007,
    "trade_id": 44736894,
    "price": "12000"
  },
  "44736897": {
    "amount": "13.2",
    "type": "buy",
    "quantity": "0.0011",
    "date": 1516805009,
    "trade_id": 44736897,
    "price": "12000"
  },
  "44736901": {
    "amount": "145.7784",
    "type": "buy",
    "quantity": "0.0121482",
    "date": 1516805009,
    "trade_id": 44736901,
    "price": "12000"
  },
  "44748866": {
    "amount": "69.09012",
    "type": "buy",
    "quantity": "0.0057816",
    "date": 1516808852,
    "trade_id": 44748866,
    "price": "11950"
  },
  "44728718": {
    "amount": "326.616631",
    "type": "buy",
    "quantity": "0.02699311",
    "date": 1516803179,
    "trade_id": 44728718,
    "price": "12100"
  },
  "44728719": {
    "amount": "522.399108",
    "type": "buy",
    "quantity": "0.04317348",
    "date": 1516803179,
    "trade_id": 44728719,
    "price": "12100"
  },
  "44736915": {
    "amount": "12.24096",
    "type": "buy",
    "quantity": "0.00102008",
    "date": 1516805014,
    "trade_id": 44736915,
    "price": "12000"
  },
  "44726155": {
    "amount": "14.99996615",
    "type": "buy",
    "quantity": "0.00124688",
    "date": 1516802616,
    "trade_id": 44726155,
    "price": "12029.9998"
  },
  "44736926": {
    "amount": "71.43144",
    "type": "buy",
    "quantity": "0.00595262",
    "date": 1516805015,
    "trade_id": 44736926,
    "price": "12000"
  },
  "44736932": {
    "amount": "12.24096",
    "type": "buy",
    "quantity": "0.00102008",
    "date": 1516805016,
    "trade_id": 44736932,
    "price": "12000"
  },
  "44736939": {
    "amount": "12.24096",
    "type": "buy",
    "quantity": "0.00102008",
    "date": 1516805017,
    "trade_id": 44736939,
    "price": "12000"
  },
  "44745132": {
    "amount": "387.99703863",
    "type": "buy",
    "quantity": "0.03246973",
    "date": 1516807419,
    "trade_id": 44745132,
    "price": "11949.5"
  },
  "44736946": {
    "amount": "24.03516",
    "type": "buy",
    "quantity": "0.00200293",
    "date": 1516805019,
    "trade_id": 44736946,
    "price": "12000"
  },
  "44736951": {
    "amount": "142.41576",
    "type": "buy",
    "quantity": "0.01186798",
    "date": 1516805019,
    "trade_id": 44736951,
    "price": "12000"
  },
  "44736957": {
    "amount": "413.15064",
    "type": "buy",
    "quantity": "0.03442922",
    "date": 1516805019,
    "trade_id": 44736957,
    "price": "12000"
  },
  "44736963": {
    "amount": "72.14484",
    "type": "buy",
    "quantity": "0.00601207",
    "date": 1516805020,
    "trade_id": 44736963,
    "price": "12000"
  },
  "44745156": {
    "amount": "11.941",
    "type": "sell",
    "quantity": "0.001",
    "date": 1516807423,
    "trade_id": 44745156,
    "price": "11941"
  },
  "44736967": {
    "amount": "123.26976",
    "type": "buy",
    "quantity": "0.01027248",
    "date": 1516805020,
    "trade_id": 44736967,
    "price": "12000"
  },
  "44745160": {
    "amount": "1591.69311667",
    "type": "buy",
    "quantity": "0.13320165",
    "date": 1516807424,
    "trade_id": 44745160,
    "price": "11949.5"
  },
  "44748876": {
    "amount": "23.797947",
    "type": "buy",
    "quantity": "0.00199146",
    "date": 1516808853,
    "trade_id": 44748876,
    "price": "11950"
  },
  "44736970": {
    "amount": "135.57852",
    "type": "buy",
    "quantity": "0.01129821",
    "date": 1516805020,
    "trade_id": 44736970,
    "price": "12000"
  },
  "44736974": {
    "amount": "371.9969",
    "type": "buy",
    "quantity": "0.031",
    "date": 1516805022,
    "trade_id": 44736974,
    "price": "11999.9"
  },
  "44745167": {
    "amount": "12.05292677",
    "type": "buy",
    "quantity": "0.00100863",
    "date": 1516807425,
    "trade_id": 44745167,
    "price": "11949.8"
  },
  "44736979": {
    "amount": "159.40224",
    "type": "buy",
    "quantity": "0.01328352",
    "date": 1516805023,
    "trade_id": 44736979,
    "price": "12000"
  },
  "44728789": {
    "amount": "13294.6",
    "type": "sell",
    "quantity": "1.1",
    "date": 1516803185,
    "trade_id": 44728789,
    "price": "12086"
  },
  "44737167": {
    "amount": "77.1127734",
    "type": "buy",
    "quantity": "0.0064266",
    "date": 1516805060,
    "trade_id": 44737167,
    "price": "11999"
  },
  "44748880": {
    "amount": "23.6797615",
    "type": "buy",
    "quantity": "0.00198157",
    "date": 1516808853,
    "trade_id": 44748880,
    "price": "11950"
  },
  "44736995": {
    "amount": "18.11228906",
    "type": "buy",
    "quantity": "0.00150937",
    "date": 1516805027,
    "trade_id": 44736995,
    "price": "11999.9"
  },
  "44737000": {
    "amount": "12.67861434",
    "type": "buy",
    "quantity": "0.00105656",
    "date": 1516805029,
    "trade_id": 44737000,
    "price": "11999.9"
  },
  "44737003": {
    "amount": "24.03207973",
    "type": "buy",
    "quantity": "0.00200269",
    "date": 1516805031,
    "trade_id": 44737003,
    "price": "11999.9"
  },
  "44745204": {
    "amount": "31.20511023",
    "type": "buy",
    "quantity": "0.00261135",
    "date": 1516807435,
    "trade_id": 44745204,
    "price": "11949.8"
  },
  "44737013": {
    "amount": "24.03207973",
    "type": "buy",
    "quantity": "0.00200269",
    "date": 1516805032,
    "trade_id": 44737013,
    "price": "11999.9"
  },
  "44735804": {
    "amount": "7994.16636",
    "type": "buy",
    "quantity": "0.66618053",
    "date": 1516804800,
    "trade_id": 44735804,
    "price": "12000"
  },
  "44737020": {
    "amount": "81.46204114",
    "type": "buy",
    "quantity": "0.00678856",
    "date": 1516805033,
    "trade_id": 44737020,
    "price": "11999.9"
  },
  "44737024": {
    "amount": "57.0234048",
    "type": "buy",
    "quantity": "0.00475199",
    "date": 1516805035,
    "trade_id": 44737024,
    "price": "11999.9"
  },
  "44750251": {
    "amount": "35.697",
    "type": "sell",
    "quantity": "0.003",
    "date": 1516809501,
    "trade_id": 44750251,
    "price": "11899"
  },
  "44737029": {
    "amount": "39.91646736",
    "type": "buy",
    "quantity": "0.0033264",
    "date": 1516805036,
    "trade_id": 44737029,
    "price": "11999.9"
  },
  "44737030": {
    "amount": "93.13830384",
    "type": "buy",
    "quantity": "0.00776159",
    "date": 1516805037,
    "trade_id": 44737030,
    "price": "11999.9"
  },
  "44737031": {
    "amount": "1130.86092",
    "type": "buy",
    "quantity": "0.09423841",
    "date": 1516805037,
    "trade_id": 44737031,
    "price": "12000"
  },
  "44737033": {
    "amount": "27.19368",
    "type": "buy",
    "quantity": "0.00226614",
    "date": 1516805037,
    "trade_id": 44737033,
    "price": "12000"
  },
  "44745227": {
    "amount": "23.89744903",
    "type": "buy",
    "quantity": "0.00199982",
    "date": 1516807444,
    "trade_id": 44745227,
    "price": "11949.8"
  },
  "44745229": {
    "amount": "11945.9",
    "type": "buy",
    "quantity": "1",
    "date": 1516807445,
    "trade_id": 44745229,
    "price": "11945.9"
  },
  "44737039": {
    "amount": "50.49732",
    "type": "buy",
    "quantity": "0.00420811",
    "date": 1516805038,
    "trade_id": 44737039,
    "price": "12000"
  },
  "44737043": {
    "amount": "35.49852",
    "type": "buy",
    "quantity": "0.00295821",
    "date": 1516805039,
    "trade_id": 44737043,
    "price": "12000"
  },
  "44737045": {
    "amount": "24.02232",
    "type": "buy",
    "quantity": "0.00200186",
    "date": 1516805039,
    "trade_id": 44737045,
    "price": "12000"
  },
  "44737048": {
    "amount": "16.0542",
    "type": "buy",
    "quantity": "0.00133785",
    "date": 1516805041,
    "trade_id": 44737048,
    "price": "12000"
  },
  "44750255": {
    "amount": "1003.36516928",
    "type": "sell",
    "quantity": "0.08442992",
    "date": 1516809501,
    "trade_id": 44750255,
    "price": "11884"
  },
  "44724894": {
    "amount": "53.92368103",
    "type": "buy",
    "quantity": "0.00448657",
    "date": 1516802089,
    "trade_id": 44724894,
    "price": "12018.91"
  },
  "44745247": {
    "amount": "128.94766284",
    "type": "buy",
    "quantity": "0.01079078",
    "date": 1516807452,
    "trade_id": 44745247,
    "price": "11949.8"
  },
  "44737057": {
    "amount": "12",
    "type": "buy",
    "quantity": "0.001",
    "date": 1516805042,
    "trade_id": 44737057,
    "price": "12000"
  },
  "44737058": {
    "amount": "12",
    "type": "buy",
    "quantity": "0.001",
    "date": 1516805042,
    "trade_id": 44737058,
    "price": "12000"
  },
  "44745252": {
    "amount": "90.26341179",
    "type": "buy",
    "quantity": "0.00755355",
    "date": 1516807454,
    "trade_id": 44745252,
    "price": "11949.8"
  },
  "44750257": {
    "amount": "11.877",
    "type": "sell",
    "quantity": "0.001",
    "date": 1516809501,
    "trade_id": 44750257,
    "price": "11877"
  },
  "44745256": {
    "amount": "40.08644058",
    "type": "buy",
    "quantity": "0.00335457",
    "date": 1516807455,
    "trade_id": 44745256,
    "price": "11949.8"
  },
  "44737067": {
    "amount": "52.91736",
    "type": "buy",
    "quantity": "0.00440978",
    "date": 1516805044,
    "trade_id": 44737067,
    "price": "12000"
  },
  "44737071": {
    "amount": "12",
    "type": "buy",
    "quantity": "0.001",
    "date": 1516805044,
    "trade_id": 44737071,
    "price": "12000"
  },
  "44737072": {
    "amount": "58.75704",
    "type": "buy",
    "quantity": "0.00489642",
    "date": 1516805044,
    "trade_id": 44737072,
    "price": "12000"
  },
  "44745265": {
    "amount": "42.78386894",
    "type": "buy",
    "quantity": "0.0035803",
    "date": 1516807457,
    "trade_id": 44745265,
    "price": "11949.8"
  },
  "44737075": {
    "amount": "21.9546",
    "type": "buy",
    "quantity": "0.00182955",
    "date": 1516805044,
    "trade_id": 44737075,
    "price": "12000"
  },
  "44745268": {
    "amount": "29.94870825",
    "type": "buy",
    "quantity": "0.00250621",
    "date": 1516807458,
    "trade_id": 44745268,
    "price": "11949.8"
  },
  "44728886": {
    "amount": "72.77526673",
    "type": "buy",
    "quantity": "0.00601276",
    "date": 1516803219,
    "trade_id": 44728886,
    "price": "12103.4710737"
  },
  "44745271": {
    "amount": "29.94870825",
    "type": "buy",
    "quantity": "0.00250621",
    "date": 1516807459,
    "trade_id": 44745271,
    "price": "11949.8"
  },
  "44737084": {
    "amount": "134.51988",
    "type": "buy",
    "quantity": "0.01120999",
    "date": 1516805045,
    "trade_id": 44737084,
    "price": "12000"
  },
  "44737087": {
    "amount": "59.53836",
    "type": "buy",
    "quantity": "0.00496153",
    "date": 1516805045,
    "trade_id": 44737087,
    "price": "12000"
  },
  "44745280": {
    "amount": "1208.58073372",
    "type": "buy",
    "quantity": "0.10113648",
    "date": 1516807461,
    "trade_id": 44745280,
    "price": "11949.998"
  },
  "44745281": {
    "amount": "1223.3988165",
    "type": "buy",
    "quantity": "0.10237647",
    "date": 1516807461,
    "trade_id": 44745281,
    "price": "11950"
  },
  "44737092": {
    "amount": "50.4822",
    "type": "buy",
    "quantity": "0.00420685",
    "date": 1516805046,
    "trade_id": 44737092,
    "price": "12000"
  },
  "44745285": {
    "amount": "158.737825",
    "type": "buy",
    "quantity": "0.0132835",
    "date": 1516807461,
    "trade_id": 44745285,
    "price": "11950"
  },
  "44737095": {
    "amount": "12",
    "type": "buy",
    "quantity": "0.001",
    "date": 1516805046,
    "trade_id": 44737095,
    "price": "12000"
  },
  "44745289": {
    "amount": "115.991002",
    "type": "buy",
    "quantity": "0.00970636",
    "date": 1516807465,
    "trade_id": 44745289,
    "price": "11950"
  },
  "44737104": {
    "amount": "63.46692",
    "type": "buy",
    "quantity": "0.00528891",
    "date": 1516805048,
    "trade_id": 44737104,
    "price": "12000"
  },
  "44745302": {
    "amount": "160.227273",
    "type": "buy",
    "quantity": "0.01340814",
    "date": 1516807477,
    "trade_id": 44745302,
    "price": "11950"
  },
  "44745305": {
    "amount": "112.163656",
    "type": "buy",
    "quantity": "0.00938608",
    "date": 1516807479,
    "trade_id": 44745305,
    "price": "11950"
  },
  "44737114": {
    "amount": "200.96712",
    "type": "buy",
    "quantity": "0.01674726",
    "date": 1516805051,
    "trade_id": 44737114,
    "price": "12000"
  },
  "44728924": {
    "amount": "15.78372967",
    "type": "buy",
    "quantity": "0.00130399",
    "date": 1516803226,
    "trade_id": 44728924,
    "price": "12104.18"
  },
  "44737117": {
    "amount": "249.32662105",
    "type": "sell",
    "quantity": "0.02077895",
    "date": 1516805051,
    "trade_id": 44737117,
    "price": "11999"
  },
  "44737118": {
    "amount": "163.1864",
    "type": "sell",
    "quantity": "0.0136",
    "date": 1516805051,
    "trade_id": 44737118,
    "price": "11999"
  },
  "44740709": {
    "amount": "29.25492",
    "type": "buy",
    "quantity": "0.00243791",
    "date": 1516805793,
    "trade_id": 44740709,
    "price": "12000"
  },
  "44745313": {
    "amount": "158.260542",
    "type": "buy",
    "quantity": "0.01324356",
    "date": 1516807484,
    "trade_id": 44745313,
    "price": "11950"
  },
  "44737129": {
    "amount": "208.21332",
    "type": "buy",
    "quantity": "0.01735111",
    "date": 1516805054,
    "trade_id": 44737129,
    "price": "12000"
  },
  "44728940": {
    "amount": "48.80190154",
    "type": "buy",
    "quantity": "0.00403077",
    "date": 1516803228,
    "trade_id": 44728940,
    "price": "12107.3396754"
  },
  "44745326": {
    "amount": "23.857219",
    "type": "buy",
    "quantity": "0.00199642",
    "date": 1516807487,
    "trade_id": 44745326,
    "price": "11950"
  },
  "44737135": {
    "amount": "102.14112753",
    "type": "sell",
    "quantity": "0.00851247",
    "date": 1516805055,
    "trade_id": 44737135,
    "price": "11999"
  },
  "44737136": {
    "amount": "211.85926359",
    "type": "sell",
    "quantity": "0.01765641",
    "date": 1516805055,
    "trade_id": 44737136,
    "price": "11999"
  },
  "44737140": {
    "amount": "11.999",
    "type": "buy",
    "quantity": "0.001",
    "date": 1516805055,
    "trade_id": 44737140,
    "price": "11999"
  },
  "44737143": {
    "amount": "299.975",
    "type": "buy",
    "quantity": "0.025",
    "date": 1516805056,
    "trade_id": 44737143,
    "price": "11999"
  },
  "44737147": {
    "amount": "251.21190393",
    "type": "buy",
    "quantity": "0.02093607",
    "date": 1516805057,
    "trade_id": 44737147,
    "price": "11999"
  },
  "44745341": {
    "amount": "13.6267045",
    "type": "buy",
    "quantity": "0.00114031",
    "date": 1516807490,
    "trade_id": 44745341,
    "price": "11950"
  },
  "44737151": {
    "amount": "252.5897491",
    "type": "buy",
    "quantity": "0.0210509",
    "date": 1516805057,
    "trade_id": 44737151,
    "price": "11999"
  },
  "44728961": {
    "amount": "313.24997296",
    "type": "buy",
    "quantity": "0.02584784",
    "date": 1516803236,
    "trade_id": 44728961,
    "price": "12119"
  },
  "44745346": {
    "amount": "12.0622105",
    "type": "buy",
    "quantity": "0.00100939",
    "date": 1516807491,
    "trade_id": 44745346,
    "price": "11950"
  },
  "44745351": {
    "amount": "43.50517",
    "type": "buy",
    "quantity": "0.0036406",
    "date": 1516807491,
    "trade_id": 44745351,
    "price": "11950"
  },
  "44745353": {
    "amount": "23.897849",
    "type": "buy",
    "quantity": "0.00199982",
    "date": 1516807491,
    "trade_id": 44745353,
    "price": "11950"
  },
  "44737163": {
    "amount": "166.66263029",
    "type": "buy",
    "quantity": "0.01388971",
    "date": 1516805060,
    "trade_id": 44737163,
    "price": "11999"
  },
  "44745358": {
    "amount": "141.0574415",
    "type": "buy",
    "quantity": "0.01180397",
    "date": 1516807495,
    "trade_id": 44745358,
    "price": "11950"
  },
  "44728975": {
    "amount": "37.43898432",
    "type": "buy",
    "quantity": "0.00308928",
    "date": 1516803244,
    "trade_id": 44728975,
    "price": "12119"
  },
  "44745361": {
    "amount": "12.0622105",
    "type": "buy",
    "quantity": "0.00100939",
    "date": 1516807495,
    "trade_id": 44745361,
    "price": "11950"
  },
  "44728980": {
    "amount": "35.11989248",
    "type": "buy",
    "quantity": "0.00289792",
    "date": 1516803245,
    "trade_id": 44728980,
    "price": "12119"
  },
  "44737173": {
    "amount": "65.04009954",
    "type": "buy",
    "quantity": "0.00542046",
    "date": 1516805061,
    "trade_id": 44737173,
    "price": "11999"
  },
  "44737178": {
    "amount": "50.82716405",
    "type": "buy",
    "quantity": "0.00423595",
    "date": 1516805062,
    "trade_id": 44737178,
    "price": "11999"
  },
  "44748911": {
    "amount": "160.7663375",
    "type": "buy",
    "quantity": "0.01345325",
    "date": 1516808874,
    "trade_id": 44748911,
    "price": "11950"
  },
  "44745373": {
    "amount": "13.145",
    "type": "buy",
    "quantity": "0.0011",
    "date": 1516807499,
    "trade_id": 44745373,
    "price": "11950"
  },
  "44737182": {
    "amount": "35.77417857",
    "type": "buy",
    "quantity": "0.00298143",
    "date": 1516805063,
    "trade_id": 44737182,
    "price": "11999"
  },
  "44737187": {
    "amount": "172.32327853",
    "type": "buy",
    "quantity": "0.01436147",
    "date": 1516805064,
    "trade_id": 44737187,
    "price": "11999"
  },
  "44745381": {
    "amount": "13.145",
    "type": "buy",
    "quantity": "0.0011",
    "date": 1516807501,
    "trade_id": 44745381,
    "price": "11950"
  },
  "44745388": {
    "amount": "13.145",
    "type": "buy",
    "quantity": "0.0011",
    "date": 1516807503,
    "trade_id": 44745388,
    "price": "11950"
  },
  "44745392": {
    "amount": "424.788562",
    "type": "buy",
    "quantity": "0.03554716",
    "date": 1516807504,
    "trade_id": 44745392,
    "price": "11950"
  },
  "44737204": {
    "amount": "158.1624187",
    "type": "buy",
    "quantity": "0.0131813",
    "date": 1516805066,
    "trade_id": 44737204,
    "price": "11999"
  },
  "44745397": {
    "amount": "61.429692",
    "type": "buy",
    "quantity": "0.00514056",
    "date": 1516807505,
    "trade_id": 44745397,
    "price": "11950"
  },
  "44735263": {
    "amount": "31.83144",
    "type": "buy",
    "quantity": "0.00265262",
    "date": 1516804743,
    "trade_id": 44735263,
    "price": "12000"
  },
  "44729022": {
    "amount": "39.01699176",
    "type": "sell",
    "quantity": "0.00322259",
    "date": 1516803247,
    "trade_id": 44729022,
    "price": "12107.3396754"
  },
  "44737219": {
    "amount": "49.99995299",
    "type": "buy",
    "quantity": "0.00416701",
    "date": 1516805067,
    "trade_id": 44737219,
    "price": "11999"
  },
  "44745417": {
    "amount": "574.3708945",
    "type": "buy",
    "quantity": "0.04806451",
    "date": 1516807517,
    "trade_id": 44745417,
    "price": "11950"
  },
  "44745423": {
    "amount": "12.0359205",
    "type": "buy",
    "quantity": "0.00100719",
    "date": 1516807518,
    "trade_id": 44745423,
    "price": "11950"
  },
  "44729042": {
    "amount": "45.93658474",
    "type": "buy",
    "quantity": "0.00379046",
    "date": 1516803251,
    "trade_id": 44729042,
    "price": "12119"
  },
  "44745432": {
    "amount": "16.627469",
    "type": "buy",
    "quantity": "0.00139142",
    "date": 1516807523,
    "trade_id": 44745432,
    "price": "11950"
  },
  "44735268": {
    "amount": "390.63168",
    "type": "buy",
    "quantity": "0.03255264",
    "date": 1516804744,
    "trade_id": 44735268,
    "price": "12000"
  },
  "44737248": {
    "amount": "24.62617227",
    "type": "sell",
    "quantity": "0.00205235",
    "date": 1516805071,
    "trade_id": 44737248,
    "price": "11999.011999"
  },
  "44737249": {
    "amount": "25.49523522",
    "type": "sell",
    "quantity": "0.00212478",
    "date": 1516805071,
    "trade_id": 44737249,
    "price": "11999"
  },
  "44737250": {
    "amount": "163.1728",
    "type": "sell",
    "quantity": "0.0136",
    "date": 1516805071,
    "trade_id": 44737250,
    "price": "11998"
  },
  "44745449": {
    "amount": "12.0622105",
    "type": "buy",
    "quantity": "0.00100939",
    "date": 1516807528,
    "trade_id": 44745449,
    "price": "11950"
  },
  "44745451": {
    "amount": "12.034606",
    "type": "buy",
    "quantity": "0.00100708",
    "date": 1516807529,
    "trade_id": 44745451,
    "price": "11950"
  },
  "44737260": {
    "amount": "172.69489272",
    "type": "buy",
    "quantity": "0.01439364",
    "date": 1516805072,
    "trade_id": 44737260,
    "price": "11998"
  },
  "44745453": {
    "amount": "11.93327",
    "type": "sell",
    "quantity": "0.001",
    "date": 1516807529,
    "trade_id": 44745453,
    "price": "11933.27"
  },
  "44745454": {
    "amount": "130.1592825",
    "type": "sell",
    "quantity": "0.01091025",
    "date": 1516807529,
    "trade_id": 44745454,
    "price": "11930"
  },
  "44737264": {
    "amount": "1083.01134802",
    "type": "buy",
    "quantity": "0.09026599",
    "date": 1516805073,
    "trade_id": 44737264,
    "price": "11998"
  },
  "44745459": {
    "amount": "44.547927",
    "type": "buy",
    "quantity": "0.00372786",
    "date": 1516807531,
    "trade_id": 44745459,
    "price": "11950"
  },
  "44737270": {
    "amount": "545.71127296",
    "type": "buy",
    "quantity": "0.04548352",
    "date": 1516805073,
    "trade_id": 44737270,
    "price": "11998"
  },
  "44745463": {
    "amount": "10.549938",
    "type": "buy",
    "quantity": "0.00088284",
    "date": 1516807541,
    "trade_id": 44745463,
    "price": "11950"
  },
  "44745464": {
    "amount": "99.599904",
    "type": "buy",
    "quantity": "0.00833472",
    "date": 1516807543,
    "trade_id": 44745464,
    "price": "11950"
  },
  "44737274": {
    "amount": "87.61251548",
    "type": "buy",
    "quantity": "0.00730226",
    "date": 1516805073,
    "trade_id": 44737274,
    "price": "11998"
  },
  "44729084": {
    "amount": "1206.93567375",
    "type": "buy",
    "quantity": "0.09962325",
    "date": 1516803266,
    "trade_id": 44729084,
    "price": "12115"
  },
  "44729085": {
    "amount": "223.4283078",
    "type": "buy",
    "quantity": "0.0184362",
    "date": 1516803266,
    "trade_id": 44729085,
    "price": "12119"
  },
  "44729086": {
    "amount": "12.122748",
    "type": "buy",
    "quantity": "0.001",
    "date": 1516803266,
    "trade_id": 44729086,
    "price": "12122.748"
  },
  "44729087": {
    "amount": "12.12593979",
    "type": "buy",
    "quantity": "0.001",
    "date": 1516803266,
    "trade_id": 44729087,
    "price": "12125.9397913"
  },
  "44729088": {
    "amount": "13.95202709",
    "type": "buy",
    "quantity": "0.00115038",
    "date": 1516803266,
    "trade_id": 44729088,
    "price": "12128.1899"
  },
  "44729089": {
    "amount": "21.94328494",
    "type": "buy",
    "quantity": "0.00180846",
    "date": 1516803266,
    "trade_id": 44729089,
    "price": "12133.68553903"
  },
  "44729090": {
    "amount": "651.94999999",
    "type": "buy",
    "quantity": "0.05373015",
    "date": 1516803266,
    "trade_id": 44729090,
    "price": "12133.78335999"
  },
  "44745475": {
    "amount": "31.183525",
    "type": "buy",
    "quantity": "0.0026095",
    "date": 1516807554,
    "trade_id": 44745475,
    "price": "11950"
  },
  "44729092": {
    "amount": "25.05002499",
    "type": "buy",
    "quantity": "0.00206448",
    "date": 1516803266,
    "trade_id": 44729092,
    "price": "12133.81820119"
  },
  "44729093": {
    "amount": "12.13803854",
    "type": "buy",
    "quantity": "0.001",
    "date": 1516803266,
    "trade_id": 44729093,
    "price": "12138.03854481"
  },
  "44729094": {
    "amount": "20.23932967",
    "type": "buy",
    "quantity": "0.00166714",
    "date": 1516803266,
    "trade_id": 44729094,
    "price": "12140.15"
  },
  "44728449": {
    "amount": "10.3058488",
    "type": "buy",
    "quantity": "0.00085384",
    "date": 1516803127,
    "trade_id": 44728449,
    "price": "12070"
  },
  "44745481": {
    "amount": "21.8284675",
    "type": "buy",
    "quantity": "0.00182665",
    "date": 1516807555,
    "trade_id": 44745481,
    "price": "11950"
  },
  "44745484": {
    "amount": "23.907409",
    "type": "buy",
    "quantity": "0.00200062",
    "date": 1516807558,
    "trade_id": 44745484,
    "price": "11950"
  },
  "44729101": {
    "amount": "40.0260216",
    "type": "sell",
    "quantity": "0.00330384",
    "date": 1516803271,
    "trade_id": 44729101,
    "price": "12115"
  },
  "44745486": {
    "amount": "48.5553595",
    "type": "buy",
    "quantity": "0.00406321",
    "date": 1516807559,
    "trade_id": 44745486,
    "price": "11950"
  },
  "44745490": {
    "amount": "993.7281815",
    "type": "buy",
    "quantity": "0.08315717",
    "date": 1516807559,
    "trade_id": 44745490,
    "price": "11950"
  },
  "44745494": {
    "amount": "15.279987",
    "type": "buy",
    "quantity": "0.00127866",
    "date": 1516807561,
    "trade_id": 44745494,
    "price": "11950"
  },
  "44750297": {
    "amount": "549.95434259",
    "type": "sell",
    "quantity": "0.04640961",
    "date": 1516809518,
    "trade_id": 44750297,
    "price": "11850.01"
  },
  "44735279": {
    "amount": "390.63168",
    "type": "buy",
    "quantity": "0.03255264",
    "date": 1516804745,
    "trade_id": 44735279,
    "price": "12000"
  },
  "44745500": {
    "amount": "13.145",
    "type": "buy",
    "quantity": "0.0011",
    "date": 1516807564,
    "trade_id": 44745500,
    "price": "11950"
  },
  "44745507": {
    "amount": "119.418979",
    "type": "buy",
    "quantity": "0.00999322",
    "date": 1516807567,
    "trade_id": 44745507,
    "price": "11950"
  },
  "44745514": {
    "amount": "106.3916865",
    "type": "buy",
    "quantity": "0.00890307",
    "date": 1516807572,
    "trade_id": 44745514,
    "price": "11950"
  },
  "44737324": {
    "amount": "906.57919828",
    "type": "buy",
    "quantity": "0.07556086",
    "date": 1516805080,
    "trade_id": 44737324,
    "price": "11998"
  },
  "44737325": {
    "amount": "61.68159802",
    "type": "buy",
    "quantity": "0.00514099",
    "date": 1516805080,
    "trade_id": 44737325,
    "price": "11998"
  },
  "44737326": {
    "amount": "66.27959156",
    "type": "sell",
    "quantity": "0.00552422",
    "date": 1516805080,
    "trade_id": 44737326,
    "price": "11998"
  },
  "44745520": {
    "amount": "23.983889",
    "type": "buy",
    "quantity": "0.00200702",
    "date": 1516807575,
    "trade_id": 44745520,
    "price": "11950"
  },
  "44729141": {
    "amount": "23.23297499",
    "type": "sell",
    "quantity": "0.00191856",
    "date": 1516803280,
    "trade_id": 44729141,
    "price": "12109.59"
  },
  "44745531": {
    "amount": "126.80911138",
    "type": "buy",
    "quantity": "0.01061165",
    "date": 1516807580,
    "trade_id": 44745531,
    "price": "11949.99"
  },
  "44729148": {
    "amount": "16.26305827",
    "type": "sell",
    "quantity": "0.00134299",
    "date": 1516803283,
    "trade_id": 44729148,
    "price": "12109.59"
  },
  "44745533": {
    "amount": "202.47474254",
    "type": "sell",
    "quantity": "0.01698353",
    "date": 1516807581,
    "trade_id": 44745533,
    "price": "11921.82912153"
  },
  "44745534": {
    "amount": "767.907856",
    "type": "sell",
    "quantity": "0.0644218",
    "date": 1516807581,
    "trade_id": 44745534,
    "price": "11920"
  },
  "44737346": {
    "amount": "26.07312",
    "type": "buy",
    "quantity": "0.00217276",
    "date": 1516805084,
    "trade_id": 44737346,
    "price": "12000"
  },
  "44748939": {
    "amount": "48.128625",
    "type": "buy",
    "quantity": "0.0040275",
    "date": 1516808894,
    "trade_id": 44748939,
    "price": "11950"
  },
  "44729158": {
    "amount": "16.04774976",
    "type": "sell",
    "quantity": "0.00132521",
    "date": 1516803285,
    "trade_id": 44729158,
    "price": "12109.59"
  },
  "44729159": {
    "amount": "8.60749657",
    "type": "sell",
    "quantity": "0.0007108",
    "date": 1516803285,
    "trade_id": 44729159,
    "price": "12109.59"
  },
  "44745548": {
    "amount": "88.76631821",
    "type": "buy",
    "quantity": "0.00742815",
    "date": 1516807583,
    "trade_id": 44745548,
    "price": "11949.99"
  },
  "44737361": {
    "amount": "157.6386",
    "type": "buy",
    "quantity": "0.01313655",
    "date": 1516805086,
    "trade_id": 44737361,
    "price": "12000"
  },
  "44745557": {
    "amount": "54.90829205",
    "type": "buy",
    "quantity": "0.00459484",
    "date": 1516807590,
    "trade_id": 44745557,
    "price": "11949.99"
  },
  "44745561": {
    "amount": "38.43582833",
    "type": "buy",
    "quantity": "0.00321639",
    "date": 1516807592,
    "trade_id": 44745561,
    "price": "11949.99"
  },
  "44745565": {
    "amount": "10510.72",
    "type": "buy",
    "quantity": "0.88",
    "date": 1516807595,
    "trade_id": 44745565,
    "price": "11944"
  },
  "44737377": {
    "amount": "236.17836",
    "type": "buy",
    "quantity": "0.01968153",
    "date": 1516805091,
    "trade_id": 44737377,
    "price": "12000"
  },
  "44745573": {
    "amount": "23.98386892",
    "type": "buy",
    "quantity": "0.00200702",
    "date": 1516807598,
    "trade_id": 44745573,
    "price": "11949.99"
  },
  "44737383": {
    "amount": "478.92",
    "type": "buy",
    "quantity": "0.03991",
    "date": 1516805093,
    "trade_id": 44737383,
    "price": "12000"
  },
  "44745577": {
    "amount": "38.79468653",
    "type": "buy",
    "quantity": "0.00324642",
    "date": 1516807600,
    "trade_id": 44745577,
    "price": "11949.99"
  },
  "44745578": {
    "amount": "382.728864",
    "type": "buy",
    "quantity": "0.03202752",
    "date": 1516807600,
    "trade_id": 44745578,
    "price": "11950"
  },
  "44737391": {
    "amount": "169.1718",
    "type": "sell",
    "quantity": "0.0141",
    "date": 1516805093,
    "trade_id": 44737391,
    "price": "11998"
  },
  "44735271": {
    "amount": "110.24784",
    "type": "buy",
    "quantity": "0.00918732",
    "date": 1516804744,
    "trade_id": 44735271,
    "price": "12000"
  },
  "44745595": {
    "amount": "16.17360786",
    "type": "buy",
    "quantity": "0.00135344",
    "date": 1516807604,
    "trade_id": 44745595,
    "price": "11949.9999"
  },
  "44745596": {
    "amount": "27.3159075",
    "type": "buy",
    "quantity": "0.00228585",
    "date": 1516807604,
    "trade_id": 44745596,
    "price": "11950"
  },
  "44748949": {
    "amount": "71.2689635",
    "type": "buy",
    "quantity": "0.00596393",
    "date": 1516808907,
    "trade_id": 44748949,
    "price": "11950"
  },
  "44737409": {
    "amount": "348.92991532",
    "type": "buy",
    "quantity": "0.02908234",
    "date": 1516805094,
    "trade_id": 44737409,
    "price": "11998"
  },
  "44745603": {
    "amount": "30.442625",
    "type": "buy",
    "quantity": "0.0025475",
    "date": 1516807607,
    "trade_id": 44745603,
    "price": "11950"
  },
  "44737412": {
    "amount": "695.38776272",
    "type": "buy",
    "quantity": "0.05795864",
    "date": 1516805094,
    "trade_id": 44737412,
    "price": "11998"
  },
  "44737416": {
    "amount": "730.31826",
    "type": "buy",
    "quantity": "0.06087",
    "date": 1516805095,
    "trade_id": 44737416,
    "price": "11998"
  },
  "44737422": {
    "amount": "766.31957878",
    "type": "buy",
    "quantity": "0.06387061",
    "date": 1516805095,
    "trade_id": 44737422,
    "price": "11998"
  },
  "44737426": {
    "amount": "1095.66",
    "type": "buy",
    "quantity": "0.091305",
    "date": 1516805095,
    "trade_id": 44737426,
    "price": "12000"
  },
  "44737430": {
    "amount": "27.12696",
    "type": "buy",
    "quantity": "0.00226058",
    "date": 1516805096,
    "trade_id": 44737430,
    "price": "12000"
  },
  "44745628": {
    "amount": "59.7589625",
    "type": "buy",
    "quantity": "0.00500075",
    "date": 1516807610,
    "trade_id": 44745628,
    "price": "11950"
  },
  "44737437": {
    "amount": "673.46568",
    "type": "buy",
    "quantity": "0.05612214",
    "date": 1516805097,
    "trade_id": 44737437,
    "price": "12000"
  },
  "44745632": {
    "amount": "41.831214",
    "type": "buy",
    "quantity": "0.00350052",
    "date": 1516807613,
    "trade_id": 44745632,
    "price": "11950"
  },
  "44745636": {
    "amount": "23.983889",
    "type": "buy",
    "quantity": "0.00200702",
    "date": 1516807616,
    "trade_id": 44745636,
    "price": "11950"
  },
  "44735273": {
    "amount": "390.63168",
    "type": "buy",
    "quantity": "0.03255264",
    "date": 1516804744,
    "trade_id": 44735273,
    "price": "12000"
  },
  "44745654": {
    "amount": "313.09",
    "type": "buy",
    "quantity": "0.0262",
    "date": 1516807621,
    "trade_id": 44745654,
    "price": "11950"
  },
  "44745662": {
    "amount": "21.180897",
    "type": "buy",
    "quantity": "0.00177246",
    "date": 1516807624,
    "trade_id": 44745662,
    "price": "11950"
  },
  "44737471": {
    "amount": "49.43008028",
    "type": "buy",
    "quantity": "0.00411986",
    "date": 1516805105,
    "trade_id": 44737471,
    "price": "11998"
  },
  "44745674": {
    "amount": "21.180897",
    "type": "buy",
    "quantity": "0.00177246",
    "date": 1516807627,
    "trade_id": 44745674,
    "price": "11950"
  },
  "44745685": {
    "amount": "12.034606",
    "type": "buy",
    "quantity": "0.00100708",
    "date": 1516807629,
    "trade_id": 44745685,
    "price": "11950"
  },
  "44737496": {
    "amount": "46.6692205",
    "type": "buy",
    "quantity": "0.00388975",
    "date": 1516805107,
    "trade_id": 44737496,
    "price": "11998"
  },
  "44737502": {
    "amount": "28.9595726",
    "type": "buy",
    "quantity": "0.0024137",
    "date": 1516805109,
    "trade_id": 44737502,
    "price": "11998"
  },
  "44737508": {
    "amount": "25.49742972",
    "type": "buy",
    "quantity": "0.00212514",
    "date": 1516805110,
    "trade_id": 44737508,
    "price": "11998"
  },
  "44729852": {
    "amount": "89.86846131",
    "type": "buy",
    "quantity": "0.00739719",
    "date": 1516803452,
    "trade_id": 44729852,
    "price": "12149"
  },
  "44737514": {
    "amount": "23.96096584",
    "type": "buy",
    "quantity": "0.00199708",
    "date": 1516805112,
    "trade_id": 44737514,
    "price": "11998"
  },
  "44749633": {
    "amount": "1095.418021",
    "type": "buy",
    "quantity": "0.09166678",
    "date": 1516809255,
    "trade_id": 44749633,
    "price": "11950"
  },
  "44737518": {
    "amount": "23.960006",
    "type": "buy",
    "quantity": "0.001997",
    "date": 1516805113,
    "trade_id": 44737518,
    "price": "11998"
  },
  "44739367": {
    "amount": "48.09755999",
    "type": "buy",
    "quantity": "0.00400813",
    "date": 1516805419,
    "trade_id": 44739367,
    "price": "11999.999999"
  },
  "44737525": {
    "amount": "147.08996092",
    "type": "buy",
    "quantity": "0.01225954",
    "date": 1516805115,
    "trade_id": 44737525,
    "price": "11998"
  },
  "44737528": {
    "amount": "41.17641612",
    "type": "buy",
    "quantity": "0.00343194",
    "date": 1516805115,
    "trade_id": 44737528,
    "price": "11998"
  },
  "44737529": {
    "amount": "2.82936836",
    "type": "buy",
    "quantity": "0.00023582",
    "date": 1516805115,
    "trade_id": 44737529,
    "price": "11998"
  },
  "44737536": {
    "amount": "13.1978",
    "type": "buy",
    "quantity": "0.0011",
    "date": 1516805117,
    "trade_id": 44737536,
    "price": "11998"
  },
  "44729856": {
    "amount": "389.1998565",
    "type": "buy",
    "quantity": "0.03203291",
    "date": 1516803452,
    "trade_id": 44729856,
    "price": "12150"
  },
  "44737542": {
    "amount": "13.90244254",
    "type": "buy",
    "quantity": "0.00115873",
    "date": 1516805119,
    "trade_id": 44737542,
    "price": "11998"
  },
  "44737543": {
    "amount": "163.1592",
    "type": "sell",
    "quantity": "0.0136",
    "date": 1516805119,
    "trade_id": 44737543,
    "price": "11997"
  },
  "44737544": {
    "amount": "169.1577",
    "type": "sell",
    "quantity": "0.0141",
    "date": 1516805119,
    "trade_id": 44737544,
    "price": "11997"
  },
  "44737545": {
    "amount": "147.5508",
    "type": "sell",
    "quantity": "0.0123",
    "date": 1516805119,
    "trade_id": 44737545,
    "price": "11996"
  },
  "44737546": {
    "amount": "147.5508",
    "type": "sell",
    "quantity": "0.0123",
    "date": 1516805119,
    "trade_id": 44737546,
    "price": "11996"
  },
  "44737547": {
    "amount": "157.1476",
    "type": "sell",
    "quantity": "0.0131",
    "date": 1516805119,
    "trade_id": 44737547,
    "price": "11996"
  },
  "44737548": {
    "amount": "136.743",
    "type": "sell",
    "quantity": "0.0114",
    "date": 1516805119,
    "trade_id": 44737548,
    "price": "11995"
  },
  "44737549": {
    "amount": "136.743",
    "type": "sell",
    "quantity": "0.0114",
    "date": 1516805119,
    "trade_id": 44737549,
    "price": "11995"
  },
  "44737550": {
    "amount": "136.743",
    "type": "sell",
    "quantity": "0.0114",
    "date": 1516805119,
    "trade_id": 44737550,
    "price": "11995"
  },
  "44737551": {
    "amount": "147.5385",
    "type": "sell",
    "quantity": "0.0123",
    "date": 1516805119,
    "trade_id": 44737551,
    "price": "11995"
  },
  "44737552": {
    "amount": "157.1345",
    "type": "sell",
    "quantity": "0.0131",
    "date": 1516805119,
    "trade_id": 44737552,
    "price": "11995"
  },
  "44737553": {
    "amount": "959.6",
    "type": "sell",
    "quantity": "0.08",
    "date": 1516805119,
    "trade_id": 44737553,
    "price": "11995"
  },
  "44737554": {
    "amount": "137.931",
    "type": "sell",
    "quantity": "0.0115",
    "date": 1516805119,
    "trade_id": 44737554,
    "price": "11994"
  },
  "44737555": {
    "amount": "12.99338686",
    "type": "sell",
    "quantity": "0.00108334",
    "date": 1516805119,
    "trade_id": 44737555,
    "price": "11993.82176024"
  },
  "44729364": {
    "amount": "12.19992754",
    "type": "sell",
    "quantity": "0.00100746",
    "date": 1516803311,
    "trade_id": 44729364,
    "price": "12109.59000001"
  },
  "44737557": {
    "amount": "137.908",
    "type": "sell",
    "quantity": "0.0115",
    "date": 1516805119,
    "trade_id": 44737557,
    "price": "11992"
  },
  "44737558": {
    "amount": "166.6888",
    "type": "sell",
    "quantity": "0.0139",
    "date": 1516805119,
    "trade_id": 44737558,
    "price": "11992"
  },
  "44737559": {
    "amount": "137.8965",
    "type": "sell",
    "quantity": "0.0115",
    "date": 1516805119,
    "trade_id": 44737559,
    "price": "11991"
  },
  "44737560": {
    "amount": "817.91641071",
    "type": "sell",
    "quantity": "0.06821531",
    "date": 1516805119,
    "trade_id": 44737560,
    "price": "11990.2176024"
  },
  "44737561": {
    "amount": "57.38414",
    "type": "sell",
    "quantity": "0.004786",
    "date": 1516805119,
    "trade_id": 44737561,
    "price": "11990"
  },
  "44737562": {
    "amount": "53046.7152952",
    "type": "sell",
    "quantity": "4.42424648",
    "date": 1516805119,
    "trade_id": 44737562,
    "price": "11990"
  },
  "44737563": {
    "amount": "17.698439",
    "type": "sell",
    "quantity": "0.0014761",
    "date": 1516805119,
    "trade_id": 44737563,
    "price": "11990"
  },
  "44745756": {
    "amount": "313.08761",
    "type": "buy",
    "quantity": "0.0261998",
    "date": 1516807642,
    "trade_id": 44745756,
    "price": "11950"
  },
  "44737565": {
    "amount": "159.4271",
    "type": "sell",
    "quantity": "0.0133",
    "date": 1516805119,
    "trade_id": 44737565,
    "price": "11987"
  },
  "44737566": {
    "amount": "743.07",
    "type": "sell",
    "quantity": "0.062",
    "date": 1516805119,
    "trade_id": 44737566,
    "price": "11985"
  },
  "44737567": {
    "amount": "159.4005",
    "type": "sell",
    "quantity": "0.0133",
    "date": 1516805119,
    "trade_id": 44737567,
    "price": "11985"
  },
  "44745760": {
    "amount": "258.5321555",
    "type": "buy",
    "quantity": "0.02163449",
    "date": 1516807642,
    "trade_id": 44745760,
    "price": "11950"
  },
  "44737572": {
    "amount": "218.969499",
    "type": "buy",
    "quantity": "0.0182505",
    "date": 1516805120,
    "trade_id": 44737572,
    "price": "11998"
  },
  "44729383": {
    "amount": "131.45892383",
    "type": "sell",
    "quantity": "0.01085577",
    "date": 1516803318,
    "trade_id": 44729383,
    "price": "12109.59000001"
  },
  "44729384": {
    "amount": "0.31497043",
    "type": "sell",
    "quantity": "0.00002601",
    "date": 1516803318,
    "trade_id": 44729384,
    "price": "12109.59000001"
  },
  "44737582": {
    "amount": "107.59338478",
    "type": "buy",
    "quantity": "0.00896761",
    "date": 1516805120,
    "trade_id": 44737582,
    "price": "11998"
  },
  "44737584": {
    "amount": "13.1978",
    "type": "buy",
    "quantity": "0.0011",
    "date": 1516805120,
    "trade_id": 44737584,
    "price": "11998"
  },
  "44737587": {
    "amount": "108.095981",
    "type": "buy",
    "quantity": "0.0090095",
    "date": 1516805121,
    "trade_id": 44737587,
    "price": "11998"
  },
  "44745783": {
    "amount": "54.769718",
    "type": "buy",
    "quantity": "0.00458324",
    "date": 1516807653,
    "trade_id": 44745783,
    "price": "11950"
  },
  "44737592": {
    "amount": "536.90342118",
    "type": "buy",
    "quantity": "0.04474941",
    "date": 1516805121,
    "trade_id": 44737592,
    "price": "11998"
  },
  "44737595": {
    "amount": "72.17660856",
    "type": "buy",
    "quantity": "0.00601572",
    "date": 1516805121,
    "trade_id": 44737595,
    "price": "11998"
  },
  "44729406": {
    "amount": "230.66",
    "type": "buy",
    "quantity": "0.019",
    "date": 1516803323,
    "trade_id": 44729406,
    "price": "12140"
  },
  "44729407": {
    "amount": "206.45284",
    "type": "buy",
    "quantity": "0.017006",
    "date": 1516803323,
    "trade_id": 44729407,
    "price": "12140"
  },
  "44737600": {
    "amount": "58.2868839",
    "type": "buy",
    "quantity": "0.00485805",
    "date": 1516805122,
    "trade_id": 44737600,
    "price": "11998"
  },
  "44745793": {
    "amount": "49.5230705",
    "type": "buy",
    "quantity": "0.00414419",
    "date": 1516807656,
    "trade_id": 44745793,
    "price": "11950"
  },
  "44737603": {
    "amount": "18.79116049",
    "type": "sell",
    "quantity": "0.00156771",
    "date": 1516805122,
    "trade_id": 44737603,
    "price": "11986.37534868"
  },
  "44745797": {
    "amount": "34.0710035",
    "type": "buy",
    "quantity": "0.00285113",
    "date": 1516807657,
    "trade_id": 44745797,
    "price": "11950"
  },
  "44737607": {
    "amount": "24.05790968",
    "type": "buy",
    "quantity": "0.00200516",
    "date": 1516805122,
    "trade_id": 44737607,
    "price": "11998"
  },
  "44735330": {
    "amount": "390.62736",
    "type": "buy",
    "quantity": "0.03255228",
    "date": 1516804753,
    "trade_id": 44735330,
    "price": "12000"
  },
  "44737614": {
    "amount": "58.90250128",
    "type": "buy",
    "quantity": "0.00490936",
    "date": 1516805123,
    "trade_id": 44737614,
    "price": "11998"
  },
  "44745807": {
    "amount": "23.8487345",
    "type": "buy",
    "quantity": "0.00199571",
    "date": 1516807658,
    "trade_id": 44745807,
    "price": "11950"
  },
  "44745810": {
    "amount": "24.068017",
    "type": "buy",
    "quantity": "0.00201406",
    "date": 1516807659,
    "trade_id": 44745810,
    "price": "11950"
  },
  "44737621": {
    "amount": "13.4719543",
    "type": "buy",
    "quantity": "0.00112285",
    "date": 1516805123,
    "trade_id": 44737621,
    "price": "11998"
  },
  "44737625": {
    "amount": "13.1978",
    "type": "buy",
    "quantity": "0.0011",
    "date": 1516805125,
    "trade_id": 44737625,
    "price": "11998"
  },
  "44737636": {
    "amount": "255.61572",
    "type": "buy",
    "quantity": "0.02130131",
    "date": 1516805127,
    "trade_id": 44737636,
    "price": "12000"
  },
  "44737637": {
    "amount": "105.5997971",
    "type": "sell",
    "quantity": "0.00880145",
    "date": 1516805128,
    "trade_id": 44737637,
    "price": "11998"
  },
  "44729873": {
    "amount": "265.396824",
    "type": "buy",
    "quantity": "0.02184336",
    "date": 1516803455,
    "trade_id": 44729873,
    "price": "12150"
  },
  "44745835": {
    "amount": "12.034606",
    "type": "buy",
    "quantity": "0.00100708",
    "date": 1516807665,
    "trade_id": 44745835,
    "price": "11950"
  },
  "44737645": {
    "amount": "14.99996907",
    "type": "buy",
    "quantity": "0.00125031",
    "date": 1516805130,
    "trade_id": 44737645,
    "price": "11997"
  },
  "44729457": {
    "amount": "1199.99988768",
    "type": "buy",
    "quantity": "0.09881422",
    "date": 1516803336,
    "trade_id": 44729457,
    "price": "12144"
  },
  "44737652": {
    "amount": "178.88618727",
    "type": "buy",
    "quantity": "0.01491091",
    "date": 1516805130,
    "trade_id": 44737652,
    "price": "11997"
  },
  "44748990": {
    "amount": "23.8073875",
    "type": "buy",
    "quantity": "0.00199225",
    "date": 1516808940,
    "trade_id": 44748990,
    "price": "11950"
  },
  "44737657": {
    "amount": "14.99996907",
    "type": "buy",
    "quantity": "0.00125031",
    "date": 1516805131,
    "trade_id": 44737657,
    "price": "11997"
  },
  "44745852": {
    "amount": "23.907409",
    "type": "buy",
    "quantity": "0.00200062",
    "date": 1516807668,
    "trade_id": 44745852,
    "price": "11950"
  },
  "44737665": {
    "amount": "14.99996907",
    "type": "buy",
    "quantity": "0.00125031",
    "date": 1516805132,
    "trade_id": 44737665,
    "price": "11997"
  },
  "44745860": {
    "amount": "23.907409",
    "type": "buy",
    "quantity": "0.00200062",
    "date": 1516807671,
    "trade_id": 44745860,
    "price": "11950"
  },
  "44737670": {
    "amount": "14.99996907",
    "type": "buy",
    "quantity": "0.00125031",
    "date": 1516805133,
    "trade_id": 44737670,
    "price": "11997"
  },
  "44737672": {
    "amount": "125.22036708",
    "type": "buy",
    "quantity": "0.01043764",
    "date": 1516805133,
    "trade_id": 44737672,
    "price": "11997"
  },
  "44737676": {
    "amount": "529.45541474",
    "type": "sell",
    "quantity": "0.04416221",
    "date": 1516805134,
    "trade_id": 44737676,
    "price": "11988.87951351"
  },
  "44737677": {
    "amount": "18.78235573",
    "type": "sell",
    "quantity": "0.00156771",
    "date": 1516805134,
    "trade_id": 44737677,
    "price": "11980.75902703"
  },
  "44737678": {
    "amount": "20.01862494",
    "type": "sell",
    "quantity": "0.0016711",
    "date": 1516805134,
    "trade_id": 44737678,
    "price": "11979.31"
  },
  "44737679": {
    "amount": "11.979",
    "type": "sell",
    "quantity": "0.001",
    "date": 1516805134,
    "trade_id": 44737679,
    "price": "11979"
  },
  "44729488": {
    "amount": "353.22111264",
    "type": "buy",
    "quantity": "0.02908606",
    "date": 1516803342,
    "trade_id": 44729488,
    "price": "12144"
  },
  "44729489": {
    "amount": "47.95507728",
    "type": "buy",
    "quantity": "0.00394887",
    "date": 1516803342,
    "trade_id": 44729489,
    "price": "12144"
  },
  "44737682": {
    "amount": "33.52470093",
    "type": "sell",
    "quantity": "0.00279909",
    "date": 1516805134,
    "trade_id": 44737682,
    "price": "11977"
  },
  "44729493": {
    "amount": "33.18032256",
    "type": "sell",
    "quantity": "0.00273224",
    "date": 1516803343,
    "trade_id": 44729493,
    "price": "12144"
  },
  "44737688": {
    "amount": "26.77514454",
    "type": "buy",
    "quantity": "0.00223182",
    "date": 1516805136,
    "trade_id": 44737688,
    "price": "11997"
  },
  "44729497": {
    "amount": "21.0437304",
    "type": "sell",
    "quantity": "0.00173285",
    "date": 1516803343,
    "trade_id": 44729497,
    "price": "12144"
  },
  "44745884": {
    "amount": "23.762575",
    "type": "buy",
    "quantity": "0.0019885",
    "date": 1516807680,
    "trade_id": 44745884,
    "price": "11950"
  },
  "44737693": {
    "amount": "77.6769759",
    "type": "buy",
    "quantity": "0.0064747",
    "date": 1516805136,
    "trade_id": 44737693,
    "price": "11997"
  },
  "44729502": {
    "amount": "24.77783701",
    "type": "buy",
    "quantity": "0.00204028",
    "date": 1516803344,
    "trade_id": 44729502,
    "price": "12144.33166936"
  },
  "44737697": {
    "amount": "14.99996907",
    "type": "buy",
    "quantity": "0.00125031",
    "date": 1516805137,
    "trade_id": 44737697,
    "price": "11997"
  },
  "44745892": {
    "amount": "49.99545144",
    "type": "sell",
    "quantity": "0.00418968",
    "date": 1516807696,
    "trade_id": 44745892,
    "price": "11933"
  },
  "44737704": {
    "amount": "304.80765903",
    "type": "buy",
    "quantity": "0.02540699",
    "date": 1516805137,
    "trade_id": 44737704,
    "price": "11997"
  },
  "44729884": {
    "amount": "120.0445515",
    "type": "buy",
    "quantity": "0.00988021",
    "date": 1516803460,
    "trade_id": 44729884,
    "price": "12150"
  },
  "44743524": {
    "amount": "5.0253335",
    "type": "sell",
    "quantity": "0.00042053",
    "date": 1516806861,
    "trade_id": 44743524,
    "price": "11950"
  },
  "44737712": {
    "amount": "50.00001687",
    "type": "buy",
    "quantity": "0.00416771",
    "date": 1516805138,
    "trade_id": 44737712,
    "price": "11997"
  },
  "44737717": {
    "amount": "331.5190995",
    "type": "buy",
    "quantity": "0.0276335",
    "date": 1516805139,
    "trade_id": 44737717,
    "price": "11997"
  },
  "44745102": {
    "amount": "18.59999422",
    "type": "buy",
    "quantity": "0.00155655",
    "date": 1516807410,
    "trade_id": 44745102,
    "price": "11949.5"
  },
  "44737719": {
    "amount": "12109.5711",
    "type": "sell",
    "quantity": "1.0109",
    "date": 1516805139,
    "trade_id": 44737719,
    "price": "11979"
  },
  "44737720": {
    "amount": "99.37151091",
    "type": "buy",
    "quantity": "0.00828303",
    "date": 1516805139,
    "trade_id": 44737720,
    "price": "11997"
  },
  "44737722": {
    "amount": "35.04119751",
    "type": "buy",
    "quantity": "0.00292083",
    "date": 1516805140,
    "trade_id": 44737722,
    "price": "11997"
  },
  "44745915": {
    "amount": "13.145",
    "type": "buy",
    "quantity": "0.0011",
    "date": 1516807711,
    "trade_id": 44745915,
    "price": "11950"
  },
  "44737730": {
    "amount": "13.97758473",
    "type": "buy",
    "quantity": "0.00116509",
    "date": 1516805141,
    "trade_id": 44737730,
    "price": "11997"
  },
  "44746273": {
    "amount": "83.8353445",
    "type": "buy",
    "quantity": "0.00701551",
    "date": 1516807787,
    "trade_id": 44746273,
    "price": "11950"
  },
  "44737739": {
    "amount": "38.23767819",
    "type": "buy",
    "quantity": "0.00318727",
    "date": 1516805142,
    "trade_id": 44737739,
    "price": "11997"
  },
  "44737741": {
    "amount": "163.1592",
    "type": "buy",
    "quantity": "0.0136",
    "date": 1516805143,
    "trade_id": 44737741,
    "price": "11997"
  },
  "44737742": {
    "amount": "163.1592",
    "type": "buy",
    "quantity": "0.0136",
    "date": 1516805144,
    "trade_id": 44737742,
    "price": "11997"
  },
  "44745938": {
    "amount": "13.145",
    "type": "buy",
    "quantity": "0.0011",
    "date": 1516807715,
    "trade_id": 44745938,
    "price": "11950"
  },
  "44737754": {
    "amount": "26.76638673",
    "type": "buy",
    "quantity": "0.00223109",
    "date": 1516805145,
    "trade_id": 44737754,
    "price": "11997"
  },
  "44737755": {
    "amount": "392.11246737",
    "type": "buy",
    "quantity": "0.03268421",
    "date": 1516805145,
    "trade_id": 44737755,
    "price": "11997"
  },
  "44745948": {
    "amount": "13.145",
    "type": "buy",
    "quantity": "0.0011",
    "date": 1516807720,
    "trade_id": 44745948,
    "price": "11950"
  },
  "44737758": {
    "amount": "292.93866702",
    "type": "buy",
    "quantity": "0.02441766",
    "date": 1516805146,
    "trade_id": 44737758,
    "price": "11997"
  },
  "44737761": {
    "amount": "529.98583041",
    "type": "buy",
    "quantity": "0.04417653",
    "date": 1516805146,
    "trade_id": 44737761,
    "price": "11997"
  },
  "44737762": {
    "amount": "18.92958642",
    "type": "buy",
    "quantity": "0.00157786",
    "date": 1516805146,
    "trade_id": 44737762,
    "price": "11997"
  },
  "44745959": {
    "amount": "13.145",
    "type": "buy",
    "quantity": "0.0011",
    "date": 1516807722,
    "trade_id": 44745959,
    "price": "11950"
  },
  "44745964": {
    "amount": "23.8621185",
    "type": "buy",
    "quantity": "0.00199683",
    "date": 1516807723,
    "trade_id": 44745964,
    "price": "11950"
  },
  "44737774": {
    "amount": "21.75156",
    "type": "buy",
    "quantity": "0.00181263",
    "date": 1516805148,
    "trade_id": 44737774,
    "price": "12000"
  },
  "44737778": {
    "amount": "15.22608",
    "type": "buy",
    "quantity": "0.00126884",
    "date": 1516805151,
    "trade_id": 44737778,
    "price": "12000"
  },
  "44745973": {
    "amount": "13.145",
    "type": "buy",
    "quantity": "0.0011",
    "date": 1516807724,
    "trade_id": 44745973,
    "price": "11950"
  },
  "44737787": {
    "amount": "12",
    "type": "buy",
    "quantity": "0.001",
    "date": 1516805154,
    "trade_id": 44737787,
    "price": "12000"
  },
  "44729597": {
    "amount": "28.35992908",
    "type": "buy",
    "quantity": "0.00233524",
    "date": 1516803368,
    "trade_id": 44729597,
    "price": "12144.33166936"
  },
  "44729598": {
    "amount": "179.51520331",
    "type": "buy",
    "quantity": "0.01478181",
    "date": 1516803368,
    "trade_id": 44729598,
    "price": "12144.33166936"
  },
  "44729599": {
    "amount": "72.99937266",
    "type": "buy",
    "quantity": "0.00601024",
    "date": 1516803368,
    "trade_id": 44729599,
    "price": "12145.8332225"
  },
  "44729600": {
    "amount": "22.63147105",
    "type": "buy",
    "quantity": "0.00186306",
    "date": 1516803368,
    "trade_id": 44729600,
    "price": "12147.47300535"
  },
  "44729601": {
    "amount": "35.01447721",
    "type": "buy",
    "quantity": "0.00288185",
    "date": 1516803368,
    "trade_id": 44729601,
    "price": "12149.9999"
  },
  "44729602": {
    "amount": "19.97703",
    "type": "buy",
    "quantity": "0.0016442",
    "date": 1516803368,
    "trade_id": 44729602,
    "price": "12150"
  },
  "44729603": {
    "amount": "486.382482",
    "type": "buy",
    "quantity": "0.04003148",
    "date": 1516803368,
    "trade_id": 44729603,
    "price": "12150"
  },
  "44745991": {
    "amount": "65.6691935",
    "type": "buy",
    "quantity": "0.00549533",
    "date": 1516807728,
    "trade_id": 44745991,
    "price": "11950"
  },
  "44745997": {
    "amount": "140.346775",
    "type": "buy",
    "quantity": "0.0117445",
    "date": 1516807731,
    "trade_id": 44745997,
    "price": "11950"
  },
  "44746002": {
    "amount": "97.8856765",
    "type": "buy",
    "quantity": "0.00819127",
    "date": 1516807732,
    "trade_id": 44746002,
    "price": "11950"
  },
  "44737811": {
    "amount": "1.68071629",
    "type": "sell",
    "quantity": "0.00014041",
    "date": 1516805166,
    "trade_id": 44737811,
    "price": "11970.06122112"
  },
  "44737815": {
    "amount": "119.75436",
    "type": "buy",
    "quantity": "0.00997953",
    "date": 1516805170,
    "trade_id": 44737815,
    "price": "12000"
  },
  "44729628": {
    "amount": "74.019987",
    "type": "buy",
    "quantity": "0.00609218",
    "date": 1516803378,
    "trade_id": 44729628,
    "price": "12150"
  },
  "44737821": {
    "amount": "1.90056",
    "type": "buy",
    "quantity": "0.00015838",
    "date": 1516805171,
    "trade_id": 44737821,
    "price": "12000"
  },
  "44746017": {
    "amount": "75.0030995",
    "type": "buy",
    "quantity": "0.00627641",
    "date": 1516807733,
    "trade_id": 44746017,
    "price": "11950"
  },
  "44746018": {
    "amount": "45.1845035",
    "type": "buy",
    "quantity": "0.00378113",
    "date": 1516807733,
    "trade_id": 44746018,
    "price": "11950"
  },
  "44729639": {
    "amount": "12.144",
    "type": "sell",
    "quantity": "0.001",
    "date": 1516803380,
    "trade_id": 44729639,
    "price": "12144"
  },
  "44728140": {
    "amount": "30.5538607",
    "type": "buy",
    "quantity": "0.00253055",
    "date": 1516803077,
    "trade_id": 44728140,
    "price": "12074"
  },
  "44737833": {
    "amount": "40.44468",
    "type": "buy",
    "quantity": "0.00337039",
    "date": 1516805173,
    "trade_id": 44737833,
    "price": "12000"
  },
  "44746026": {
    "amount": "13.145",
    "type": "buy",
    "quantity": "0.0011",
    "date": 1516807735,
    "trade_id": 44746026,
    "price": "11950"
  },
  "44737839": {
    "amount": "135.48320073",
    "type": "buy",
    "quantity": "0.01129309",
    "date": 1516805175,
    "trade_id": 44737839,
    "price": "11997"
  },
  "44737844": {
    "amount": "1097.545545",
    "type": "buy",
    "quantity": "0.091485",
    "date": 1516805176,
    "trade_id": 44737844,
    "price": "11997"
  },
  "44746037": {
    "amount": "51.668693",
    "type": "buy",
    "quantity": "0.00432374",
    "date": 1516807737,
    "trade_id": 44746037,
    "price": "11950"
  },
  "44737846": {
    "amount": "40.54314168",
    "type": "buy",
    "quantity": "0.00337944",
    "date": 1516805176,
    "trade_id": 44737846,
    "price": "11997"
  },
  "44746039": {
    "amount": "36.275181",
    "type": "buy",
    "quantity": "0.00303558",
    "date": 1516807738,
    "trade_id": 44746039,
    "price": "11950"
  },
  "44746044": {
    "amount": "25.300779",
    "type": "buy",
    "quantity": "0.00211722",
    "date": 1516807739,
    "trade_id": 44746044,
    "price": "11950"
  },
  "44746050": {
    "amount": "23.738914",
    "type": "buy",
    "quantity": "0.00198652",
    "date": 1516807740,
    "trade_id": 44746050,
    "price": "11950"
  },
  "44737860": {
    "amount": "1821.65411259",
    "type": "buy",
    "quantity": "0.15184247",
    "date": 1516805182,
    "trade_id": 44737860,
    "price": "11997"
  },
  "44737861": {
    "amount": "223.6152",
    "type": "buy",
    "quantity": "0.0186346",
    "date": 1516805182,
    "trade_id": 44737861,
    "price": "12000"
  },
  "44744834": {
    "amount": "29.07681134",
    "type": "buy",
    "quantity": "0.00243452",
    "date": 1516807350,
    "trade_id": 44744834,
    "price": "11943.55"
  },
  "44746060": {
    "amount": "13.145",
    "type": "buy",
    "quantity": "0.0011",
    "date": 1516807742,
    "trade_id": 44746060,
    "price": "11950"
  },
  "44746067": {
    "amount": "13.145",
    "type": "buy",
    "quantity": "0.0011",
    "date": 1516807746,
    "trade_id": 44746067,
    "price": "11950"
  },
  "44743566": {
    "amount": "358.35",
    "type": "sell",
    "quantity": "0.03",
    "date": 1516806894,
    "trade_id": 44743566,
    "price": "11945"
  },
  "44746078": {
    "amount": "13.145",
    "type": "buy",
    "quantity": "0.0011",
    "date": 1516807748,
    "trade_id": 44746078,
    "price": "11950"
  },
  "44739652": {
    "amount": "323.2128",
    "type": "buy",
    "quantity": "0.0269344",
    "date": 1516805518,
    "trade_id": 44739652,
    "price": "12000"
  },
  "44746084": {
    "amount": "23.6816735",
    "type": "buy",
    "quantity": "0.00198173",
    "date": 1516807749,
    "trade_id": 44746084,
    "price": "11950"
  },
  "44746088": {
    "amount": "23.823998",
    "type": "buy",
    "quantity": "0.00199364",
    "date": 1516807750,
    "trade_id": 44746088,
    "price": "11950"
  },
  "44727213": {
    "amount": "288.66328112",
    "type": "buy",
    "quantity": "0.02399728",
    "date": 1516802923,
    "trade_id": 44727213,
    "price": "12029"
  },
  "44735378": {
    "amount": "58.15427872",
    "type": "buy",
    "quantity": "0.00484773",
    "date": 1516804755,
    "trade_id": 44735378,
    "price": "11996.1876432"
  },
  "44746094": {
    "amount": "23.6816735",
    "type": "buy",
    "quantity": "0.00198173",
    "date": 1516807751,
    "trade_id": 44746094,
    "price": "11950"
  },
  "44737905": {
    "amount": "492.23868",
    "type": "buy",
    "quantity": "0.04101989",
    "date": 1516805196,
    "trade_id": 44737905,
    "price": "12000"
  },
  "44746103": {
    "amount": "23.684661",
    "type": "buy",
    "quantity": "0.00198198",
    "date": 1516807753,
    "trade_id": 44746103,
    "price": "11950"
  },
  "44727188": {
    "amount": "24.47433384",
    "type": "buy",
    "quantity": "0.00203478",
    "date": 1516802918,
    "trade_id": 44727188,
    "price": "12028"
  },
  "44746106": {
    "amount": "23.823998",
    "type": "buy",
    "quantity": "0.00199364",
    "date": 1516807753,
    "trade_id": 44746106,
    "price": "11950"
  },
  "44737919": {
    "amount": "23.99244",
    "type": "buy",
    "quantity": "0.00199937",
    "date": 1516805196,
    "trade_id": 44737919,
    "price": "12000"
  },
  "44746113": {
    "amount": "13.145",
    "type": "buy",
    "quantity": "0.0011",
    "date": 1516807754,
    "trade_id": 44746113,
    "price": "11950"
  },
  "44737924": {
    "amount": "42.98796",
    "type": "buy",
    "quantity": "0.00358233",
    "date": 1516805197,
    "trade_id": 44737924,
    "price": "12000"
  },
  "44746118": {
    "amount": "13.145",
    "type": "buy",
    "quantity": "0.0011",
    "date": 1516807757,
    "trade_id": 44746118,
    "price": "11950"
  },
  "44737930": {
    "amount": "529.6482",
    "type": "buy",
    "quantity": "0.04413735",
    "date": 1516805197,
    "trade_id": 44737930,
    "price": "12000"
  },
  "44737932": {
    "amount": "33.99220708",
    "type": "sell",
    "quantity": "0.00283292",
    "date": 1516805197,
    "trade_id": 44737932,
    "price": "11999"
  },
  "44737935": {
    "amount": "1094.4",
    "type": "buy",
    "quantity": "0.0912",
    "date": 1516805197,
    "trade_id": 44737935,
    "price": "12000"
  },
  "44737938": {
    "amount": "121.77324",
    "type": "buy",
    "quantity": "0.01014777",
    "date": 1516805198,
    "trade_id": 44737938,
    "price": "12000"
  },
  "44737941": {
    "amount": "323.9973",
    "type": "buy",
    "quantity": "0.027",
    "date": 1516805198,
    "trade_id": 44737941,
    "price": "11999.9"
  },
  "44746134": {
    "amount": "23.740826",
    "type": "buy",
    "quantity": "0.00198668",
    "date": 1516807762,
    "trade_id": 44746134,
    "price": "11950"
  },
  "44729755": {
    "amount": "583.4841885",
    "type": "buy",
    "quantity": "0.04802339",
    "date": 1516803429,
    "trade_id": 44729755,
    "price": "12150"
  },
  "44746141": {
    "amount": "23.740826",
    "type": "buy",
    "quantity": "0.00198668",
    "date": 1516807764,
    "trade_id": 44746141,
    "price": "11950"
  },
  "44746149": {
    "amount": "13.145",
    "type": "buy",
    "quantity": "0.0011",
    "date": 1516807766,
    "trade_id": 44746149,
    "price": "11950"
  },
  "44746150": {
    "amount": "9615.282",
    "type": "sell",
    "quantity": "0.8053",
    "date": 1516807769,
    "trade_id": 44746150,
    "price": "11940"
  },
  "44737964": {
    "amount": "97.19919",
    "type": "buy",
    "quantity": "0.0081",
    "date": 1516805201,
    "trade_id": 44737964,
    "price": "11999.9"
  },
  "44737968": {
    "amount": "68.039433",
    "type": "buy",
    "quantity": "0.00567",
    "date": 1516805203,
    "trade_id": 44737968,
    "price": "11999.9"
  },
  "44737981": {
    "amount": "627.24952485",
    "type": "sell",
    "quantity": "0.05227515",
    "date": 1516805204,
    "trade_id": 44737981,
    "price": "11999"
  },
  "44737982": {
    "amount": "135.5887",
    "type": "sell",
    "quantity": "0.0113",
    "date": 1516805204,
    "trade_id": 44737982,
    "price": "11999"
  },
  "44737983": {
    "amount": "350.0578473",
    "type": "sell",
    "quantity": "0.02917635",
    "date": 1516805204,
    "trade_id": 44737983,
    "price": "11998"
  },
  "44737984": {
    "amount": "135.5774",
    "type": "sell",
    "quantity": "0.0113",
    "date": 1516805204,
    "trade_id": 44737984,
    "price": "11998"
  },
  "44737985": {
    "amount": "35.18900055",
    "type": "sell",
    "quantity": "0.00293315",
    "date": 1516805204,
    "trade_id": 44737985,
    "price": "11997"
  },
  "44737986": {
    "amount": "135.5661",
    "type": "sell",
    "quantity": "0.0113",
    "date": 1516805204,
    "trade_id": 44737986,
    "price": "11997"
  },
  "44737987": {
    "amount": "268.688",
    "type": "sell",
    "quantity": "0.0224",
    "date": 1516805204,
    "trade_id": 44737987,
    "price": "11995"
  },
  "44737988": {
    "amount": "47.59829324",
    "type": "buy",
    "quantity": "0.003969",
    "date": 1516805204,
    "trade_id": 44737988,
    "price": "11992.51530528"
  },
  "44746181": {
    "amount": "21.2465025",
    "type": "buy",
    "quantity": "0.00177795",
    "date": 1516807774,
    "trade_id": 44746181,
    "price": "11950"
  },
  "44746183": {
    "amount": "23.823998",
    "type": "buy",
    "quantity": "0.00199364",
    "date": 1516807775,
    "trade_id": 44746183,
    "price": "11950"
  },
  "44737996": {
    "amount": "35.5016829",
    "type": "buy",
    "quantity": "0.00296032",
    "date": 1516805206,
    "trade_id": 44737996,
    "price": "11992.51530528"
  },
  "44738004": {
    "amount": "40.29724992",
    "type": "buy",
    "quantity": "0.0033602",
    "date": 1516805207,
    "trade_id": 44738004,
    "price": "11992.51530528"
  },
  "44727204": {
    "amount": "12.17450104",
    "type": "buy",
    "quantity": "0.00101218",
    "date": 1516802921,
    "trade_id": 44727204,
    "price": "12028"
  },
  "44746206": {
    "amount": "13.145",
    "type": "buy",
    "quantity": "0.0011",
    "date": 1516807779,
    "trade_id": 44746206,
    "price": "11950"
  },
  "44738018": {
    "amount": "88.49480916",
    "type": "buy",
    "quantity": "0.00737917",
    "date": 1516805211,
    "trade_id": 44738018,
    "price": "11992.51530528"
  },
  "44746212": {
    "amount": "17.6552885",
    "type": "buy",
    "quantity": "0.00147743",
    "date": 1516807781,
    "trade_id": 44746212,
    "price": "11950"
  },
  "44738022": {
    "amount": "11.9925153",
    "type": "buy",
    "quantity": "0.001",
    "date": 1516805212,
    "trade_id": 44738022,
    "price": "11992.51530528"
  },
  "44729937": {
    "amount": "230.4762592",
    "type": "buy",
    "quantity": "0.01894532",
    "date": 1516803474,
    "trade_id": 44729937,
    "price": "12165.34"
  },
  "44738026": {
    "amount": "61.94709795",
    "type": "buy",
    "quantity": "0.00516548",
    "date": 1516805212,
    "trade_id": 44738026,
    "price": "11992.51530528"
  },
  "44746223": {
    "amount": "13.145",
    "type": "buy",
    "quantity": "0.0011",
    "date": 1516807782,
    "trade_id": 44746223,
    "price": "11950"
  },
  "44746224": {
    "amount": "13.145",
    "type": "buy",
    "quantity": "0.0011",
    "date": 1516807782,
    "trade_id": 44746224,
    "price": "11950"
  },
  "44738037": {
    "amount": "142.16587231",
    "type": "buy",
    "quantity": "0.01185455",
    "date": 1516805212,
    "trade_id": 44738037,
    "price": "11992.51530528"
  },
  "44745931": {
    "amount": "13.145",
    "type": "buy",
    "quantity": "0.0011",
    "date": 1516807714,
    "trade_id": 44745931,
    "price": "11950"
  },
  "44729849": {
    "amount": "27.51918586",
    "type": "buy",
    "quantity": "0.00226514",
    "date": 1516803452,
    "trade_id": 44729849,
    "price": "12149"
  },
  "44746234": {
    "amount": "1081.504875",
    "type": "buy",
    "quantity": "0.0905025",
    "date": 1516807784,
    "trade_id": 44746234,
    "price": "11950"
  },
  "44746235": {
    "amount": "13.145",
    "type": "buy",
    "quantity": "0.0011",
    "date": 1516807784,
    "trade_id": 44746235,
    "price": "11950"
  },
  "44738044": {
    "amount": "43.36301654",
    "type": "buy",
    "quantity": "0.00361584",
    "date": 1516805214,
    "trade_id": 44738044,
    "price": "11992.51530528"
  },
  "44729854": {
    "amount": "11.45614253",
    "type": "buy",
    "quantity": "0.00094297",
    "date": 1516803452,
    "trade_id": 44729854,
    "price": "12149"
  },
  "44729855": {
    "amount": "121.49",
    "type": "buy",
    "quantity": "0.01",
    "date": 1516803452,
    "trade_id": 44729855,
    "price": "12149"
  },
  "44746240": {
    "amount": "1081.504875",
    "type": "buy",
    "quantity": "0.0905025",
    "date": 1516807785,
    "trade_id": 44746240,
    "price": "11950"
  },
  "44738049": {
    "amount": "30.35413556",
    "type": "buy",
    "quantity": "0.00253109",
    "date": 1516805215,
    "trade_id": 44738049,
    "price": "11992.51530528"
  },
  "44746243": {
    "amount": "114.97767691",
    "type": "sell",
    "quantity": "0.00963527",
    "date": 1516807785,
    "trade_id": 44746243,
    "price": "11933"
  },
  "44746244": {
    "amount": "358.5",
    "type": "buy",
    "quantity": "0.03",
    "date": 1516807785,
    "trade_id": 44746244,
    "price": "11950"
  },
  "44738054": {
    "amount": "110.16087879",
    "type": "sell",
    "quantity": "0.009186",
    "date": 1516805217,
    "trade_id": 44738054,
    "price": "11992.25765264"
  },
  "44738055": {
    "amount": "86.510288",
    "type": "sell",
    "quantity": "0.007214",
    "date": 1516805217,
    "trade_id": 44738055,
    "price": "11992"
  },
  "44727212": {
    "amount": "10.96015416",
    "type": "buy",
    "quantity": "0.00091122",
    "date": 1516802923,
    "trade_id": 44727212,
    "price": "12028"
  },
  "44746251": {
    "amount": "597.5",
    "type": "buy",
    "quantity": "0.05",
    "date": 1516807786,
    "trade_id": 44746251,
    "price": "11950"
  },
  "44729868": {
    "amount": "12118.3",
    "type": "sell",
    "quantity": "1",
    "date": 1516803453,
    "trade_id": 44729868,
    "price": "12118.3"
  },
  "44746253": {
    "amount": "1081.504875",
    "type": "buy",
    "quantity": "0.0905025",
    "date": 1516807786,
    "trade_id": 44746253,
    "price": "11950"
  },
  "44729871": {
    "amount": "312.204699",
    "type": "buy",
    "quantity": "0.02569586",
    "date": 1516803455,
    "trade_id": 44729871,
    "price": "12150"
  },
  "44746256": {
    "amount": "1081.504875",
    "type": "buy",
    "quantity": "0.0905025",
    "date": 1516807786,
    "trade_id": 44746256,
    "price": "11950"
  },
  "44738065": {
    "amount": "265.18305558",
    "type": "buy",
    "quantity": "0.02211238",
    "date": 1516805218,
    "trade_id": 44738065,
    "price": "11992.51530528"
  },
  "44746260": {
    "amount": "1081.504875",
    "type": "buy",
    "quantity": "0.0905025",
    "date": 1516807787,
    "trade_id": 44746260,
    "price": "11950"
  },
  "44727214": {
    "amount": "541.349991",
    "type": "buy",
    "quantity": "0.045",
    "date": 1516802923,
    "trade_id": 44727214,
    "price": "12029.9998"
  },
  "44729879": {
    "amount": "334.204947",
    "type": "buy",
    "quantity": "0.02750658",
    "date": 1516803457,
    "trade_id": 44729879,
    "price": "12150"
  },
  "44729880": {
    "amount": "15.795",
    "type": "buy",
    "quantity": "0.0013",
    "date": 1516803457,
    "trade_id": 44729880,
    "price": "12150"
  },
  "44729882": {
    "amount": "1199.205",
    "type": "buy",
    "quantity": "0.0987",
    "date": 1516803460,
    "trade_id": 44729882,
    "price": "12150"
  },
  "44729883": {
    "amount": "303.1425",
    "type": "buy",
    "quantity": "0.02495",
    "date": 1516803460,
    "trade_id": 44729883,
    "price": "12150"
  },
  "44738076": {
    "amount": "59.995",
    "type": "buy",
    "quantity": "0.005",
    "date": 1516805220,
    "trade_id": 44738076,
    "price": "11999"
  },
  "44746269": {
    "amount": "152.8229335",
    "type": "buy",
    "quantity": "0.01278853",
    "date": 1516807787,
    "trade_id": 44746269,
    "price": "11950"
  },
  "44738079": {
    "amount": "49.82790476",
    "type": "buy",
    "quantity": "0.00415236",
    "date": 1516805221,
    "trade_id": 44738079,
    "price": "11999.9"
  },
  "44746272": {
    "amount": "597.5",
    "type": "buy",
    "quantity": "0.05",
    "date": 1516807787,
    "trade_id": 44746272,
    "price": "11950"
  },
  "44743600": {
    "amount": "119.01",
    "type": "sell",
    "quantity": "0.01",
    "date": 1516806904,
    "trade_id": 44743600,
    "price": "11901"
  },
  "44729890": {
    "amount": "250.875144",
    "type": "sell",
    "quantity": "0.02064816",
    "date": 1516803460,
    "trade_id": 44729890,
    "price": "12150"
  },
  "44729892": {
    "amount": "404.171694",
    "type": "sell",
    "quantity": "0.03326516",
    "date": 1516803461,
    "trade_id": 44729892,
    "price": "12150"
  },
  "44746277": {
    "amount": "25.420279",
    "type": "buy",
    "quantity": "0.00212722",
    "date": 1516807788,
    "trade_id": 44746277,
    "price": "11950"
  },
  "44746279": {
    "amount": "25.1398125",
    "type": "buy",
    "quantity": "0.00210375",
    "date": 1516807788,
    "trade_id": 44746279,
    "price": "11950"
  },
  "44738088": {
    "amount": "23.49028424",
    "type": "buy",
    "quantity": "0.00195754",
    "date": 1516805221,
    "trade_id": 44738088,
    "price": "11999.9"
  },
  "44742236": {
    "amount": "79.27363554",
    "type": "buy",
    "quantity": "0.00660889",
    "date": 1516806417,
    "trade_id": 44742236,
    "price": "11994.999999"
  },
  "44746285": {
    "amount": "72.7254295",
    "type": "buy",
    "quantity": "0.00608581",
    "date": 1516807790,
    "trade_id": 44746285,
    "price": "11950"
  },
  "44746288": {
    "amount": "1082.3115",
    "type": "buy",
    "quantity": "0.09057",
    "date": 1516807793,
    "trade_id": 44746288,
    "price": "11950"
  },
  "44738097": {
    "amount": "85.44048799",
    "type": "buy",
    "quantity": "0.0071201",
    "date": 1516805221,
    "trade_id": 44738097,
    "price": "11999.9"
  },
  "44746292": {
    "amount": "1082.3115",
    "type": "buy",
    "quantity": "0.09057",
    "date": 1516807794,
    "trade_id": 44746292,
    "price": "11950"
  },
  "44734046": {
    "amount": "1238.0917342",
    "type": "buy",
    "quantity": "0.10156618",
    "date": 1516804479,
    "trade_id": 44734046,
    "price": "12190"
  },
  "44746295": {
    "amount": "358.5",
    "type": "buy",
    "quantity": "0.03",
    "date": 1516807794,
    "trade_id": 44746295,
    "price": "11950"
  },
  "44746297": {
    "amount": "1082.3115",
    "type": "buy",
    "quantity": "0.09057",
    "date": 1516807794,
    "trade_id": 44746297,
    "price": "11950"
  },
  "44746302": {
    "amount": "1082.3115",
    "type": "buy",
    "quantity": "0.09057",
    "date": 1516807794,
    "trade_id": 44746302,
    "price": "11950"
  },
  "44729922": {
    "amount": "13.349248",
    "type": "buy",
    "quantity": "0.0010978",
    "date": 1516803471,
    "trade_id": 44729922,
    "price": "12160"
  },
  "44746307": {
    "amount": "1082.3115",
    "type": "buy",
    "quantity": "0.09057",
    "date": 1516807795,
    "trade_id": 44746307,
    "price": "11950"
  },
  "44729925": {
    "amount": "63.70410739",
    "type": "buy",
    "quantity": "0.0052382",
    "date": 1516803471,
    "trade_id": 44729925,
    "price": "12161.45"
  },
  "44746310": {
    "amount": "115.406169",
    "type": "buy",
    "quantity": "0.00965742",
    "date": 1516807795,
    "trade_id": 44746310,
    "price": "11950"
  },
  "44729933": {
    "amount": "22.62680247",
    "type": "buy",
    "quantity": "0.00185994",
    "date": 1516803474,
    "trade_id": 44729933,
    "price": "12165.34"
  },
  "44729934": {
    "amount": "298.53817352",
    "type": "buy",
    "quantity": "0.02454006",
    "date": 1516803474,
    "trade_id": 44729934,
    "price": "12165.34"
  },
  "44746321": {
    "amount": "1251.5128645",
    "type": "buy",
    "quantity": "0.10472911",
    "date": 1516807800,
    "trade_id": 44746321,
    "price": "11950"
  },
  "44744974": {
    "amount": "11.94355",
    "type": "buy",
    "quantity": "0.001",
    "date": 1516807379,
    "trade_id": 44744974,
    "price": "11943.55"
  },
  "44735417": {
    "amount": "14.37948",
    "type": "buy",
    "quantity": "0.00119829",
    "date": 1516804757,
    "trade_id": 44735417,
    "price": "12000"
  },
  "44738136": {
    "amount": "254.7816",
    "type": "buy",
    "quantity": "0.0212318",
    "date": 1516805224,
    "trade_id": 44738136,
    "price": "12000"
  },
  "44738140": {
    "amount": "1093.5",
    "type": "buy",
    "quantity": "0.091125",
    "date": 1516805224,
    "trade_id": 44738140,
    "price": "12000"
  },
  "44750437": {
    "amount": "146.2784145",
    "type": "buy",
    "quantity": "0.01234417",
    "date": 1516809561,
    "trade_id": 44750437,
    "price": "11850"
  },
  "44738146": {
    "amount": "445.82472",
    "type": "buy",
    "quantity": "0.03715206",
    "date": 1516805225,
    "trade_id": 44738146,
    "price": "12000"
  },
  "44729958": {
    "amount": "12.65984573",
    "type": "sell",
    "quantity": "0.00104514",
    "date": 1516803481,
    "trade_id": 44729958,
    "price": "12113.06211305"
  },
  "44729959": {
    "amount": "24.89355394",
    "type": "sell",
    "quantity": "0.0020551",
    "date": 1516803481,
    "trade_id": 44729959,
    "price": "12113.06211305"
  },
  "44729960": {
    "amount": "72.09996138",
    "type": "sell",
    "quantity": "0.00595225",
    "date": 1516803481,
    "trade_id": 44729960,
