{
  "44706475": {
    "quantity": "0.00052702",
    "type": "buy",
    "price": "11859",
    "date": 1516794914,
    "trade_id": 44706475,
    "amount": "6.24993018"
  },
  "44695556": {
    "quantity": "0.00102571",
    "type": "sell",
    "price": "11895",
    "date": 1516788724,
    "trade_id": 44695556,
    "amount": "12.20082045"
  },
  "44662791": {
    "quantity": "0.00346948",
    "type": "buy",
    "price": "11515.48692502",
    "date": 1516767483,
    "trade_id": 44662791,
    "amount": "39.95275157"
  },
  "44630025": {
    "quantity": "0.00154979",
    "type": "buy",
    "price": "11789.89",
    "date": 1516740460,
    "trade_id": 44630025,
    "amount": "18.27185362"
  },
  "44662794": {
    "quantity": "0.00242863",
    "type": "buy",
    "price": "11515.48692502",
    "date": 1516767486,
    "trade_id": 44662794,
    "amount": "27.96685701"
  },
  "44574846": {
    "quantity": "0.003",
    "type": "buy",
    "price": "11750",
    "date": 1516724833,
    "trade_id": 44574846,
    "amount": "35.25"
  },
  "44630031": {
    "quantity": "0.00108485",
    "type": "buy",
    "price": "11789.89",
    "date": 1516740462,
    "trade_id": 44630031,
    "amount": "12.79026216"
  },
  "44662800": {
    "quantity": "0.00203445",
    "type": "buy",
    "price": "11515.48692502",
    "date": 1516767489,
    "trade_id": 44662800,
    "amount": "23.42768237"
  },
  "44630040": {
    "quantity": "0.001",
    "type": "buy",
    "price": "11789.89",
    "date": 1516740464,
    "trade_id": 44630040,
    "amount": "11.78989"
  },
  "44630048": {
    "quantity": "0.001",
    "type": "buy",
    "price": "11789.89",
    "date": 1516740465,
    "trade_id": 44630048,
    "amount": "11.78989"
  },
  "44651867": {
    "quantity": "0.001",
    "type": "buy",
    "price": "11620",
    "date": 1516754632,
    "trade_id": 44651867,
    "amount": "11.62"
  },
  "44630053": {
    "quantity": "0.001",
    "type": "buy",
    "price": "11789.89",
    "date": 1516740467,
    "trade_id": 44630053,
    "amount": "11.78989"
  },
  "44662823": {
    "quantity": "0.001",
    "type": "sell",
    "price": "11515.486925",
    "date": 1516767518,
    "trade_id": 44662823,
    "amount": "11.51548692"
  },
  "44630059": {
    "quantity": "0.001",
    "type": "buy",
    "price": "11789.89",
    "date": 1516740471,
    "trade_id": 44630059,
    "amount": "11.78989"
  },
  "44662828": {
    "quantity": "0.001",
    "type": "buy",
    "price": "11515.486925",
    "date": 1516767520,
    "trade_id": 44662828,
    "amount": "11.51548692"
  },
  "44597293": {
    "quantity": "0.02308398",
    "type": "sell",
    "price": "11850",
    "date": 1516729146,
    "trade_id": 44597293,
    "amount": "273.545163"
  },
  "44695598": {
    "quantity": "0.00361966",
    "type": "sell",
    "price": "11879.54423226",
    "date": 1516788738,
    "trade_id": 44695598,
    "amount": "42.99991107"
  },
  "44695599": {
    "quantity": "0.00412768",
    "type": "sell",
    "price": "11871.06318138",
    "date": 1516788738,
    "trade_id": 44695599,
    "amount": "48.99995007"
  },
  "44695600": {
    "quantity": "0.012",
    "type": "sell",
    "price": "11868",
    "date": 1516788738,
    "trade_id": 44695600,
    "amount": "142.416"
  },
  "44630065": {
    "quantity": "0.00180808",
    "type": "buy",
    "price": "11789.89",
    "date": 1516740473,
    "trade_id": 44630065,
    "amount": "21.31706431"
  },
  "44695602": {
    "quantity": "0.00126436",
    "type": "sell",
    "price": "11863.65914777",
    "date": 1516788738,
    "trade_id": 44695602,
    "amount": "14.99993608"
  },
  "44662835": {
    "quantity": "0.0000854",
    "type": "buy",
    "price": "11515.486925",
    "date": 1516767521,
    "trade_id": 44662835,
    "amount": "0.98342258"
  },
  "44695604": {
    "quantity": "0.0010478",
    "type": "sell",
    "price": "11856.67146",
    "date": 1516788738,
    "trade_id": 44695604,
    "amount": "12.42342035"
  },
  "44695605": {
    "quantity": "0.001",
    "type": "sell",
    "price": "11850",
    "date": 1516788738,
    "trade_id": 44695605,
    "amount": "11.85"
  },
  "44695606": {
    "quantity": "0.05035035",
    "type": "sell",
    "price": "11847.61000001",
    "date": 1516788738,
    "trade_id": 44695606,
    "amount": "596.53131016"
  },
  "44579212": {
    "quantity": "0.03180135",
    "type": "buy",
    "price": "11989.75",
    "date": 1516725301,
    "trade_id": 44579212,
    "amount": "381.29023616"
  },
  "44569951": {
    "quantity": "0.001",
    "type": "buy",
    "price": "11680",
    "date": 1516723735,
    "trade_id": 44569951,
    "amount": "11.68"
  },
  "44662845": {
    "quantity": "0.001",
    "type": "buy",
    "price": "11515.48692502",
    "date": 1516767532,
    "trade_id": 44662845,
    "amount": "11.51548692"
  },
  "44662846": {
    "quantity": "0.00125271",
    "type": "buy",
    "price": "11515.48692502",
    "date": 1516767532,
    "trade_id": 44662846,
    "amount": "14.42556562"
  },
  "44597316": {
    "quantity": "0.00983498",
    "type": "sell",
    "price": "11850",
    "date": 1516729152,
    "trade_id": 44597316,
    "amount": "116.544513"
  },
  "44608182": {
    "quantity": "0.00030217",
    "type": "buy",
    "price": "11901",
    "date": 1516732491,
    "trade_id": 44608182,
    "amount": "3.59612517"
  },
  "44711948": {
    "quantity": "0.00119155",
    "type": "buy",
    "price": "12051.18449246",
    "date": 1516797401,
    "trade_id": 44711948,
    "amount": "14.35958888"
  },
  "44717410": {
    "quantity": "0.00204385",
    "type": "sell",
    "price": "12075",
    "date": 1516798971,
    "trade_id": 44717410,
    "amount": "24.67948875"
  },
  "44662862": {
    "quantity": "0.00137965",
    "type": "buy",
    "price": "11515.48692502",
    "date": 1516767545,
    "trade_id": 44662862,
    "amount": "15.88734153"
  },
  "44597327": {
    "quantity": "0.00441368",
    "type": "buy",
    "price": "11870",
    "date": 1516729160,
    "trade_id": 44597327,
    "amount": "52.3903816"
  },
  "44649189": {
    "quantity": "0.01422477",
    "type": "buy",
    "price": "11670",
    "date": 1516752518,
    "trade_id": 44649189,
    "amount": "166.0030659"
  },
  "44717411": {
    "quantity": "0.00828157",
    "type": "sell",
    "price": "12075",
    "date": 1516798972,
    "trade_id": 44717411,
    "amount": "99.99995775"
  },
  "44629405": {
    "quantity": "0.00075109",
    "type": "buy",
    "price": "11750",
    "date": 1516740153,
    "trade_id": 44629405,
    "amount": "8.8253075"
  },
  "44597339": {
    "quantity": "0.0044066",
    "type": "sell",
    "price": "11870",
    "date": 1516729161,
    "trade_id": 44597339,
    "amount": "52.306342"
  },
  "44630108": {
    "quantity": "0.00134019",
    "type": "sell",
    "price": "11769.99",
    "date": 1516740503,
    "trade_id": 44630108,
    "amount": "15.77402289"
  },
  "44630109": {
    "quantity": "0.00085369",
    "type": "sell",
    "price": "11750.01",
    "date": 1516740503,
    "trade_id": 44630109,
    "amount": "10.03086603"
  },
  "44597346": {
    "quantity": "0.02912904",
    "type": "sell",
    "price": "11851",
    "date": 1516729169,
    "trade_id": 44597346,
    "amount": "345.20825304"
  },
  "44597347": {
    "quantity": "0.00216",
    "type": "sell",
    "price": "11850",
    "date": 1516729169,
    "trade_id": 44597347,
    "amount": "25.596"
  },
  "44597348": {
    "quantity": "0.01025596",
    "type": "sell",
    "price": "11848",
    "date": 1516729169,
    "trade_id": 44597348,
    "amount": "121.51261408"
  },
  "44597349": {
    "quantity": "0.01379145",
    "type": "sell",
    "price": "11842.1",
    "date": 1516729169,
    "trade_id": 44597349,
    "amount": "163.31973004"
  },
  "44662889": {
    "quantity": "0.001",
    "type": "buy",
    "price": "11538.52",
    "date": 1516767553,
    "trade_id": 44662889,
    "amount": "11.53852"
  },
  "44597358": {
    "quantity": "0.01199107",
    "type": "sell",
    "price": "11842.1",
    "date": 1516729177,
    "trade_id": 44597358,
    "amount": "141.99945004"
  },
  "44695669": {
    "quantity": "1.08",
    "type": "buy",
    "price": "11889.4",
    "date": 1516788756,
    "trade_id": 44695669,
    "amount": "12840.552"
  },
  "44695671": {
    "quantity": "0.00300007",
    "type": "buy",
    "price": "11860",
    "date": 1516788757,
    "trade_id": 44695671,
    "amount": "35.5808302"
  },
  "44695673": {
    "quantity": "0.00610009",
    "type": "sell",
    "price": "11847.61",
    "date": 1516788758,
    "trade_id": 44695673,
    "amount": "72.27148728"
  },
  "44695674": {
    "quantity": "0.00109511",
    "type": "sell",
    "price": "11847.61",
    "date": 1516788758,
    "trade_id": 44695674,
    "amount": "12.97443618"
  },
  "44695675": {
    "quantity": "0.0273498",
    "type": "sell",
    "price": "11838",
    "date": 1516788758,
    "trade_id": 44695675,
    "amount": "323.7669324"
  },
  "44662915": {
    "quantity": "0.001",
    "type": "buy",
    "price": "11543.13",
    "date": 1516767571,
    "trade_id": 44662915,
    "amount": "11.54313"
  },
  "44662918": {
    "quantity": "0.0010789",
    "type": "buy",
    "price": "11543.13",
    "date": 1516767572,
    "trade_id": 44662918,
    "amount": "12.45388295"
  },
  "44662921": {
    "quantity": "0.001",
    "type": "buy",
    "price": "11543.13",
    "date": 1516767572,
    "trade_id": 44662921,
    "amount": "11.54313"
  },
  "44597386": {
    "quantity": "0.01300893",
    "type": "sell",
    "price": "11842.1",
    "date": 1516729178,
    "trade_id": 44597386,
    "amount": "154.05304995"
  },
  "44597390": {
    "quantity": "0.001",
    "type": "sell",
    "price": "11842.06",
    "date": 1516729178,
    "trade_id": 44597390,
    "amount": "11.84206"
  },
  "44597391": {
    "quantity": "0.00636765",
    "type": "sell",
    "price": "11842",
    "date": 1516729178,
    "trade_id": 44597391,
    "amount": "75.4057113"
  },
  "44597272": {
    "quantity": "0.00203407",
    "type": "sell",
    "price": "11850",
    "date": 1516729137,
    "trade_id": 44597272,
    "amount": "24.1037295"
  },
  "44695698": {
    "quantity": "0.00991",
    "type": "buy",
    "price": "11889",
    "date": 1516788774,
    "trade_id": 44695698,
    "amount": "117.81999"
  },
  "44695699": {
    "quantity": "0.02632943",
    "type": "buy",
    "price": "11895",
    "date": 1516788774,
    "trade_id": 44695699,
    "amount": "313.18856985"
  },
  "44695700": {
    "quantity": "0.01174616",
    "type": "buy",
    "price": "11895",
    "date": 1516788774,
    "trade_id": 44695700,
    "amount": "139.7205732"
  },
  "44586350": {
    "quantity": "0.00418383",
    "type": "buy",
    "price": "11991.04",
    "date": 1516726604,
    "trade_id": 44586350,
    "amount": "50.16847288"
  },
  "44597398": {
    "quantity": "0.01715949",
    "type": "sell",
    "price": "11842",
    "date": 1516729179,
    "trade_id": 44597398,
    "amount": "203.20268058"
  },
  "44695703": {
    "quantity": "0.00952044",
    "type": "buy",
    "price": "11895",
    "date": 1516788774,
    "trade_id": 44695703,
    "amount": "113.2456338"
  },
  "44597400": {
    "quantity": "0.00735437",
    "type": "sell",
    "price": "11842",
    "date": 1516729179,
    "trade_id": 44597400,
    "amount": "87.09044954"
  },
  "44695705": {
    "quantity": "0.01",
    "type": "buy",
    "price": "11899.9",
    "date": 1516788774,
    "trade_id": 44695705,
    "amount": "118.999"
  },
  "44695706": {
    "quantity": "0.00774",
    "type": "buy",
    "price": "11900",
    "date": 1516788774,
    "trade_id": 44695706,
    "amount": "92.106"
  },
  "44662939": {
    "quantity": "0.001",
    "type": "sell",
    "price": "11543.13",
    "date": 1516767585,
    "trade_id": 44662939,
    "amount": "11.54313"
  },
  "44695708": {
    "quantity": "0.01163764",
    "type": "buy",
    "price": "11910",
    "date": 1516788774,
    "trade_id": 44695708,
    "amount": "138.6042924"
  },
  "44695709": {
    "quantity": "0.011",
    "type": "buy",
    "price": "11910",
    "date": 1516788774,
    "trade_id": 44695709,
    "amount": "131.01"
  },
  "44630174": {
    "quantity": "0.001",
    "type": "sell",
    "price": "11750",
    "date": 1516740562,
    "trade_id": 44630174,
    "amount": "11.75"
  },
  "44695711": {
    "quantity": "0.00029225",
    "type": "buy",
    "price": "11915",
    "date": 1516788774,
    "trade_id": 44695711,
    "amount": "3.48215875"
  },
  "44630176": {
    "quantity": "0.00156659",
    "type": "buy",
    "price": "11789.89",
    "date": 1516740564,
    "trade_id": 44630176,
    "amount": "18.46992377"
  },
  "44695713": {
    "quantity": "0.00579718",
    "type": "buy",
    "price": "11920.4",
    "date": 1516788774,
    "trade_id": 44695713,
    "amount": "69.10470447"
  },
  "44662949": {
    "quantity": "0.001",
    "type": "buy",
    "price": "11543.13",
    "date": 1516767587,
    "trade_id": 44662949,
    "amount": "11.54313"
  },
  "44662956": {
    "quantity": "0.0011",
    "type": "sell",
    "price": "11543.13",
    "date": 1516767588,
    "trade_id": 44662956,
    "amount": "12.697443"
  },
  "44717426": {
    "quantity": "0.00226652",
    "type": "buy",
    "price": "12075.1",
    "date": 1516798976,
    "trade_id": 44717426,
    "amount": "27.36845565"
  },
  "44705787": {
    "quantity": "0.00265119",
    "type": "sell",
    "price": "11821",
    "date": 1516794591,
    "trade_id": 44705787,
    "amount": "31.33971699"
  },
  "44662960": {
    "quantity": "0.001",
    "type": "buy",
    "price": "11543.13",
    "date": 1516767590,
    "trade_id": 44662960,
    "amount": "11.54313"
  },
  "44662967": {
    "quantity": "0.001",
    "type": "buy",
    "price": "11543.02999999",
    "date": 1516767593,
    "trade_id": 44662967,
    "amount": "11.54302999"
  },
  "44597432": {
    "quantity": "0.00654578",
    "type": "sell",
    "price": "11842",
    "date": 1516729206,
    "trade_id": 44597432,
    "amount": "77.51512676"
  },
  "44630203": {
    "quantity": "0.001",
    "type": "sell",
    "price": "11751.01",
    "date": 1516740591,
    "trade_id": 44630203,
    "amount": "11.75101"
  },
  "44662972": {
    "quantity": "0.99972753",
    "type": "sell",
    "price": "11520.7",
    "date": 1516767601,
    "trade_id": 44662972,
    "amount": "11517.56095487"
  },
  "44597437": {
    "quantity": "0.0181813",
    "type": "sell",
    "price": "11842",
    "date": 1516729207,
    "trade_id": 44597437,
    "amount": "215.3029546"
  },
  "44662979": {
    "quantity": "0.00724304",
    "type": "buy",
    "price": "11520.7",
    "date": 1516767603,
    "trade_id": 44662979,
    "amount": "83.44489092"
  },
  "44662982": {
    "quantity": "0.001055",
    "type": "buy",
    "price": "11520.7",
    "date": 1516767603,
    "trade_id": 44662982,
    "amount": "12.1543385"
  },
  "44662983": {
    "quantity": "0.001",
    "type": "buy",
    "price": "11520.7",
    "date": 1516767603,
    "trade_id": 44662983,
    "amount": "11.5207"
  },
  "44662987": {
    "quantity": "0.01493643",
    "type": "buy",
    "price": "11520.7",
    "date": 1516767604,
    "trade_id": 44662987,
    "amount": "172.0781291"
  },
  "44705788": {
    "quantity": "0.05243845",
    "type": "sell",
    "price": "11820",
    "date": 1516794591,
    "trade_id": 44705788,
    "amount": "619.822479"
  },
  "44662992": {
    "quantity": "0.00446433",
    "type": "buy",
    "price": "11520.7",
    "date": 1516767605,
    "trade_id": 44662992,
    "amount": "51.43220663"
  },
  "44630225": {
    "quantity": "0.00102785",
    "type": "buy",
    "price": "11750.11",
    "date": 1516740603,
    "trade_id": 44630225,
    "amount": "12.07735056"
  },
  "44630226": {
    "quantity": "0.0277028",
    "type": "buy",
    "price": "11789.89",
    "date": 1516740603,
    "trade_id": 44630226,
    "amount": "326.61296469"
  },
  "44630227": {
    "quantity": "0.03224059",
    "type": "buy",
    "price": "11790",
    "date": 1516740603,
    "trade_id": 44630227,
    "amount": "380.1165561"
  },
  "44619129": {
    "quantity": "0.001",
    "type": "buy",
    "price": "11779.85",
    "date": 1516736788,
    "trade_id": 44619129,
    "amount": "11.77985"
  },
  "44630234": {
    "quantity": "0.00120457",
    "type": "buy",
    "price": "11790",
    "date": 1516740612,
    "trade_id": 44630234,
    "amount": "14.2018803"
  },
  "44706514": {
    "quantity": "0.027",
    "type": "sell",
    "price": "11800.1",
    "date": 1516794941,
    "trade_id": 44706514,
    "amount": "318.6027"
  },
  "44597490": {
    "quantity": "0.00201839",
    "type": "sell",
    "price": "11842",
    "date": 1516729216,
    "trade_id": 44597490,
    "amount": "23.90177438"
  },
  "44663029": {
    "quantity": "0.00177018",
    "type": "buy",
    "price": "11543.88999999",
    "date": 1516767647,
    "trade_id": 44663029,
    "amount": "20.4347632"
  },
  "44663031": {
    "quantity": "0.001",
    "type": "buy",
    "price": "11543.88999999",
    "date": 1516767648,
    "trade_id": 44663031,
    "amount": "11.54388999"
  },
  "44663036": {
    "quantity": "0.00140823",
    "type": "buy",
    "price": "11530",
    "date": 1516767661,
    "trade_id": 44663036,
    "amount": "16.2368919"
  },
  "44608213": {
    "quantity": "0.00151059",
    "type": "sell",
    "price": "11891",
    "date": 1516732499,
    "trade_id": 44608213,
    "amount": "17.96242569"
  },
  "44716701": {
    "quantity": "0.00204137",
    "type": "buy",
    "price": "12119.99",
    "date": 1516798797,
    "trade_id": 44716701,
    "amount": "24.74138398"
  },
  "44695595": {
    "quantity": "0.0035078",
    "type": "sell",
    "price": "11889",
    "date": 1516788738,
    "trade_id": 44695595,
    "amount": "41.7042342"
  },
  "44663045": {
    "quantity": "0.00100154",
    "type": "buy",
    "price": "11530",
    "date": 1516767663,
    "trade_id": 44663045,
    "amount": "11.5477562"
  },
  "44695596": {
    "quantity": "0.00424845",
    "type": "sell",
    "price": "11884.25805877",
    "date": 1516788738,
    "trade_id": 44695596,
    "amount": "50.48967614"
  },
  "44713428": {
    "quantity": "0.001",
    "type": "buy",
    "price": "12120",
    "date": 1516798013,
    "trade_id": 44713428,
    "amount": "12.12"
  },
  "44695822": {
    "quantity": "0.001",
    "type": "buy",
    "price": "11900",
    "date": 1516788817,
    "trade_id": 44695822,
    "amount": "11.9"
  },
  "44695823": {
    "quantity": "0.0060745",
    "type": "buy",
    "price": "11900",
    "date": 1516788817,
    "trade_id": 44695823,
    "amount": "72.28655"
  },
  "44695824": {
    "quantity": "0.00668863",
    "type": "buy",
    "price": "11900",
    "date": 1516788817,
    "trade_id": 44695824,
    "amount": "79.594697"
  },
  "44695825": {
    "quantity": "0.00007991",
    "type": "buy",
    "price": "11920.4",
    "date": 1516788817,
    "trade_id": 44695825,
    "amount": "0.95255916"
  },
  "44695826": {
    "quantity": "0.01",
    "type": "buy",
    "price": "11921",
    "date": 1516788817,
    "trade_id": 44695826,
    "amount": "119.21"
  },
  "44695827": {
    "quantity": "0.00210001",
    "type": "buy",
    "price": "11921",
    "date": 1516788817,
    "trade_id": 44695827,
    "amount": "25.03421921"
  },
  "44695828": {
    "quantity": "0.011976",
    "type": "buy",
    "price": "11921",
    "date": 1516788817,
    "trade_id": 44695828,
    "amount": "142.765896"
  },
  "44646446": {
    "quantity": "0.011",
    "type": "sell",
    "price": "11611.03",
    "date": 1516750212,
    "trade_id": 44646446,
    "amount": "127.72133"
  },
  "44695830": {
    "quantity": "0.00126184",
    "type": "buy",
    "price": "11923.06473086",
    "date": 1516788817,
    "trade_id": 44695830,
    "amount": "15.04499999"
  },
  "44695831": {
    "quantity": "0.001",
    "type": "buy",
    "price": "11924",
    "date": 1516788817,
    "trade_id": 44695831,
    "amount": "11.924"
  },
  "44695832": {
    "quantity": "0.00411943",
    "type": "buy",
    "price": "11924.58665397",
    "date": 1516788817,
    "trade_id": 44695832,
    "amount": "49.12249999"
  },
  "44695833": {
    "quantity": "0.01706581",
    "type": "buy",
    "price": "11925",
    "date": 1516788817,
    "trade_id": 44695833,
    "amount": "203.50978425"
  },
  "44695834": {
    "quantity": "0.00148702",
    "type": "buy",
    "price": "11925",
    "date": 1516788817,
    "trade_id": 44695834,
    "amount": "17.7327135"
  },
  "44695835": {
    "quantity": "0.00218508",
    "type": "buy",
    "price": "11926.24526333",
    "date": 1516788817,
    "trade_id": 44695835,
    "amount": "26.05979999"
  },
  "44695836": {
    "quantity": "0.00216244",
    "type": "buy",
    "price": "11927.94287797",
    "date": 1516788817,
    "trade_id": 44695836,
    "amount": "25.79346079"
  },
  "44695837": {
    "quantity": "0.00470541",
    "type": "buy",
    "price": "11930.55",
    "date": 1516788817,
    "trade_id": 44695837,
    "amount": "56.13812927"
  },
  "44695838": {
    "quantity": "0.00168133",
    "type": "buy",
    "price": "11931.03079109",
    "date": 1516788817,
    "trade_id": 44695838,
    "amount": "20.05999999"
  },
  "44663071": {
    "quantity": "0.00689511",
    "type": "buy",
    "price": "11529.9",
    "date": 1516767681,
    "trade_id": 44663071,
    "amount": "79.49992878"
  },
  "44695840": {
    "quantity": "0.00129954",
    "type": "buy",
    "price": "11934.888",
    "date": 1516788817,
    "trade_id": 44695840,
    "amount": "15.50986435"
  },
  "44597537": {
    "quantity": "0.00202471",
    "type": "sell",
    "price": "11842",
    "date": 1516729229,
    "trade_id": 44597537,
    "amount": "23.97661582"
  },
  "44695842": {
    "quantity": "0.00614499",
    "type": "buy",
    "price": "11935.4948384",
    "date": 1516788817,
    "trade_id": 44695842,
    "amount": "73.34349642"
  },
  "44695843": {
    "quantity": "0.001",
    "type": "buy",
    "price": "11939.88972",
    "date": 1516788817,
    "trade_id": 44695843,
    "amount": "11.93988972"
  },
  "44695844": {
    "quantity": "0.001",
    "type": "buy",
    "price": "11939.88972",
    "date": 1516788817,
    "trade_id": 44695844,
    "amount": "11.93988972"
  },
  "44695845": {
    "quantity": "0.00156586",
    "type": "buy",
    "price": "11940",
    "date": 1516788817,
    "trade_id": 44695845,
    "amount": "18.6963684"
  },
  "44695601": {
    "quantity": "0.0010478",
    "type": "sell",
    "price": "11864.08573",
    "date": 1516788738,
    "trade_id": 44695601,
    "amount": "12.43118902"
  },
  "44630316": {
    "quantity": "0.01316898",
    "type": "buy",
    "price": "11790",
    "date": 1516740667,
    "trade_id": 44630316,
    "amount": "155.2622742"
  },
  "44630323": {
    "quantity": "0.07587301",
    "type": "buy",
    "price": "11790",
    "date": 1516740670,
    "trade_id": 44630323,
    "amount": "894.5427879"
  },
  "44630329": {
    "quantity": "0.00202892",
    "type": "buy",
    "price": "11790",
    "date": 1516740672,
    "trade_id": 44630329,
    "amount": "23.9209668"
  },
  "44597562": {
    "quantity": "0.00463885",
    "type": "sell",
    "price": "11842",
    "date": 1516729232,
    "trade_id": 44597562,
    "amount": "54.9332617"
  },
  "44711989": {
    "quantity": "0.01593829",
    "type": "buy",
    "price": "12000",
    "date": 1516797430,
    "trade_id": 44711989,
    "amount": "191.25948"
  },
  "44630340": {
    "quantity": "0.00391373",
    "type": "buy",
    "price": "11790",
    "date": 1516740673,
    "trade_id": 44630340,
    "amount": "46.1428767"
  },
  "44597578": {
    "quantity": "0.00324719",
    "type": "sell",
    "price": "11842",
    "date": 1516729235,
    "trade_id": 44597578,
    "amount": "38.45322398"
  },
  "44597587": {
    "quantity": "0.00227303",
    "type": "sell",
    "price": "11842",
    "date": 1516729238,
    "trade_id": 44597587,
    "amount": "26.91722126"
  },
  "44695894": {
    "quantity": "0.0035",
    "type": "sell",
    "price": "11880.31",
    "date": 1516788846,
    "trade_id": 44695894,
    "amount": "41.581085"
  },
  "44717795": {
    "quantity": "0.00204839",
    "type": "sell",
    "price": "12075",
    "date": 1516799129,
    "trade_id": 44717795,
    "amount": "24.73430925"
  },
  "44597601": {
    "quantity": "0.3633068",
    "type": "sell",
    "price": "11842",
    "date": 1516729241,
    "trade_id": 44597601,
    "amount": "4302.2791256"
  },
  "44630373": {
    "quantity": "0.14274064",
    "type": "buy",
    "price": "11790",
    "date": 1516740688,
    "trade_id": 44630373,
    "amount": "1682.9121456"
  },
  "44663142": {
    "quantity": "0.00204119",
    "type": "sell",
    "price": "11497.15049688",
    "date": 1516767706,
    "trade_id": 44663142,
    "amount": "23.46786862"
  },
  "44663143": {
    "quantity": "0.00217692",
    "type": "sell",
    "price": "11484.09827662",
    "date": 1516767706,
    "trade_id": 44663143,
    "amount": "24.99996322"
  },
  "44663144": {
    "quantity": "0.0013725",
    "type": "sell",
    "price": "11484.08679254",
    "date": 1516767706,
    "trade_id": 44663144,
    "amount": "15.76190912"
  },
  "44630377": {
    "quantity": "0.017",
    "type": "sell",
    "price": "11790.01",
    "date": 1516740691,
    "trade_id": 44630377,
    "amount": "200.43017"
  },
  "44695918": {
    "quantity": "0.003",
    "type": "buy",
    "price": "11900",
    "date": 1516788859,
    "trade_id": 44695918,
    "amount": "35.7"
  },
  "44695919": {
    "quantity": "0.00379405",
    "type": "buy",
    "price": "11939.74",
    "date": 1516788859,
    "trade_id": 44695919,
    "amount": "45.29997054"
  },
  "44630389": {
    "quantity": "0.00225365",
    "type": "sell",
    "price": "11790.01",
    "date": 1516740692,
    "trade_id": 44630389,
    "amount": "26.57055603"
  },
  "44695929": {
    "quantity": "0.0014917",
    "type": "sell",
    "price": "11897",
    "date": 1516788866,
    "trade_id": 44695929,
    "amount": "17.7467549"
  },
  "44690154": {
    "quantity": "0.01",
    "type": "sell",
    "price": "11726",
    "date": 1516785984,
    "trade_id": 44690154,
    "amount": "117.26"
  },
  "44597635": {
    "quantity": "0.00202166",
    "type": "sell",
    "price": "11841",
    "date": 1516729254,
    "trade_id": 44597635,
    "amount": "23.93847606"
  },
  "44695942": {
    "quantity": "0.00054179",
    "type": "buy",
    "price": "11939.6206026",
    "date": 1516788875,
    "trade_id": 44695942,
    "amount": "6.46876704"
  },
  "44695951": {
    "quantity": "1.08",
    "type": "buy",
    "price": "11920.2",
    "date": 1516788884,
    "trade_id": 44695951,
    "amount": "12873.816"
  },
  "44695961": {
    "quantity": "0.00123144",
    "type": "sell",
    "price": "11897",
    "date": 1516788888,
    "trade_id": 44695961,
    "amount": "14.65044168"
  },
  "44695966": {
    "quantity": "0.00100017",
    "type": "sell",
    "price": "11897",
    "date": 1516788891,
    "trade_id": 44695966,
    "amount": "11.89902249"
  },
  "44630431": {
    "quantity": "0.001",
    "type": "buy",
    "price": "11798.68",
    "date": 1516740702,
    "trade_id": 44630431,
    "amount": "11.79868"
  },
  "44597669": {
    "quantity": "0.00013879",
    "type": "sell",
    "price": "11841",
    "date": 1516729267,
    "trade_id": 44597669,
    "amount": "1.64341239"
  },
  "44695975": {
    "quantity": "0.00817669",
    "type": "sell",
    "price": "11897",
    "date": 1516788894,
    "trade_id": 44695975,
    "amount": "97.27808093"
  },
  "44695976": {
    "quantity": "0.0119",
    "type": "sell",
    "price": "11895",
    "date": 1516788894,
    "trade_id": 44695976,
    "amount": "141.5505"
  },
  "44695977": {
    "quantity": "0.0119",
    "type": "sell",
    "price": "11894",
    "date": 1516788894,
    "trade_id": 44695977,
    "amount": "141.5386"
  },
  "44695978": {
    "quantity": "0.01172557",
    "type": "sell",
    "price": "11892.06",
    "date": 1516788894,
    "trade_id": 44695978,
    "amount": "139.44118197"
  },
  "44695979": {
    "quantity": "0.01064771",
    "type": "sell",
    "price": "11891.43",
    "date": 1516788894,
    "trade_id": 44695979,
    "amount": "126.61649812"
  },
  "44695980": {
    "quantity": "0.00426999",
    "type": "sell",
    "price": "11891.43",
    "date": 1516788894,
    "trade_id": 44695980,
    "amount": "50.77628718"
  },
  "44663217": {
    "quantity": "0.01385718",
    "type": "sell",
    "price": "11484.08679253",
    "date": 1516767730,
    "trade_id": 44663217,
    "amount": "159.13705781"
  },
  "44663218": {
    "quantity": "0.00101673",
    "type": "sell",
    "price": "11484.08679253",
    "date": 1516767730,
    "trade_id": 44663218,
    "amount": "11.67621556"
  },
  "44663219": {
    "quantity": "0.00104727",
    "type": "sell",
    "price": "11481.08858722",
    "date": 1516767730,
    "trade_id": 44663219,
    "amount": "12.02379964"
  },
  "44663220": {
    "quantity": "0.11175948",
    "type": "sell",
    "price": "11480",
    "date": 1516767730,
    "trade_id": 44663220,
    "amount": "1282.9988304"
  },
  "44630455": {
    "quantity": "0.0008823",
    "type": "buy",
    "price": "11798.68",
    "date": 1516740705,
    "trade_id": 44630455,
    "amount": "10.40997536"
  },
  "44619167": {
    "quantity": "0.00858326",
    "type": "buy",
    "price": "11789.9",
    "date": 1516736794,
    "trade_id": 44619167,
    "amount": "101.19577707"
  },
  "44597695": {
    "quantity": "0.00201787",
    "type": "sell",
    "price": "11831.673",
    "date": 1516729271,
    "trade_id": 44597695,
    "amount": "23.87477799"
  },
  "44597696": {
    "quantity": "0.00046239",
    "type": "sell",
    "price": "11831.673",
    "date": 1516729271,
    "trade_id": 44597696,
    "amount": "5.47084727"
  },
  "44597697": {
    "quantity": "0.00156622",
    "type": "sell",
    "price": "11828.79614",
    "date": 1516729271,
    "trade_id": 44597697,
    "amount": "18.52649709"
  },
  "44597700": {
    "quantity": "0.00274247",
    "type": "sell",
    "price": "11828.79614",
    "date": 1516729271,
    "trade_id": 44597700,
    "amount": "32.44011855"
  },
  "44597702": {
    "quantity": "0.00177322",
    "type": "sell",
    "price": "11828.79614",
    "date": 1516729271,
    "trade_id": 44597702,
    "amount": "20.97505789"
  },
  "44715750": {
    "quantity": "0.00213321",
    "type": "sell",
    "price": "12122.07923194",
    "date": 1516798611,
    "trade_id": 44715750,
    "amount": "25.85894063"
  },
  "44630474": {
    "quantity": "0.0135",
    "type": "sell",
    "price": "11790",
    "date": 1516740711,
    "trade_id": 44630474,
    "amount": "159.165"
  },
  "44630476": {
    "quantity": "0.00136272",
    "type": "buy",
    "price": "11797",
    "date": 1516740711,
    "trade_id": 44630476,
    "amount": "16.07600784"
  },
  "44630477": {
    "quantity": "0.00075635",
    "type": "buy",
    "price": "11798.68",
    "date": 1516740711,
    "trade_id": 44630477,
    "amount": "8.92393161"
  },
  "44630480": {
    "quantity": "0.00447389",
    "type": "buy",
    "price": "11798.68",
    "date": 1516740713,
    "trade_id": 44630480,
    "amount": "52.78599646"
  },
  "44630481": {
    "quantity": "0.00320284",
    "type": "buy",
    "price": "11799.9882",
    "date": 1516740713,
    "trade_id": 44630481,
    "amount": "37.7934742"
  },
  "44630482": {
    "quantity": "0.04328718",
    "type": "buy",
    "price": "11800",
    "date": 1516740713,
    "trade_id": 44630482,
    "amount": "510.788724"
  },
  "44630483": {
    "quantity": "0.01",
    "type": "buy",
    "price": "11800",
    "date": 1516740713,
    "trade_id": 44630483,
    "amount": "118"
  },
  "44597718": {
    "quantity": "0.00208143",
    "type": "buy",
    "price": "11828.79614",
    "date": 1516729275,
    "trade_id": 44597718,
    "amount": "24.62081114"
  },
  "44703966": {
    "quantity": "0.01592721",
    "type": "sell",
    "price": "11908",
    "date": 1516793773,
    "trade_id": 44703966,
    "amount": "189.66121668"
  },
  "44597723": {
    "quantity": "0.00114535",
    "type": "buy",
    "price": "11828.79614",
    "date": 1516729275,
    "trade_id": 44597723,
    "amount": "13.54811165"
  },
  "44630493": {
    "quantity": "0.00294214",
    "type": "sell",
    "price": "11800",
    "date": 1516740719,
    "trade_id": 44630493,
    "amount": "34.717252"
  },
  "44629418": {
    "quantity": "0.00310378",
    "type": "sell",
    "price": "11750.00000001",
    "date": 1516740159,
    "trade_id": 44629418,
    "amount": "36.469415"
  },
  "44573771": {
    "quantity": "0.00122453",
    "type": "buy",
    "price": "11565.57",
    "date": 1516724560,
    "trade_id": 44573771,
    "amount": "14.16238743"
  },
  "44719983": {
    "quantity": "0.00122528",
    "type": "buy",
    "price": "12100",
    "date": 1516799978,
    "trade_id": 44719983,
    "amount": "14.825888"
  },
  "44630533": {
    "quantity": "0.03827265",
    "type": "sell",
    "price": "11800",
    "date": 1516740741,
    "trade_id": 44630533,
    "amount": "451.61727"
  },
  "44597766": {
    "quantity": "0.00134326",
    "type": "sell",
    "price": "11801",
    "date": 1516729287,
    "trade_id": 44597766,
    "amount": "15.85181126"
  },
  "44663303": {
    "quantity": "0.00130526",
    "type": "buy",
    "price": "11491.95",
    "date": 1516767759,
    "trade_id": 44663303,
    "amount": "14.99998265"
  },
  "44663312": {
    "quantity": "0.0050598",
    "type": "sell",
    "price": "11478",
    "date": 1516767770,
    "trade_id": 44663312,
    "amount": "58.0763844"
  },
  "44696092": {
    "quantity": "0.991",
    "type": "buy",
    "price": "11903.5",
    "date": 1516788975,
    "trade_id": 44696092,
    "amount": "11796.3685"
  },
  "44570033": {
    "quantity": "0.0025246",
    "type": "sell",
    "price": "11568.74",
    "date": 1516723762,
    "trade_id": 44570033,
    "amount": "29.206441"
  },
  "44630581": {
    "quantity": "0.001",
    "type": "buy",
    "price": "11805.62768",
    "date": 1516740776,
    "trade_id": 44630581,
    "amount": "11.80562768"
  },
  "44608265": {
    "quantity": "0.00168199",
    "type": "sell",
    "price": "11890.6118906",
    "date": 1516732504,
    "trade_id": 44608265,
    "amount": "19.99989029"
  },
  "44630584": {
    "quantity": "0.00394718",
    "type": "sell",
    "price": "11805.62769",
    "date": 1516740777,
    "trade_id": 44630584,
    "amount": "46.5989375"
  },
  "44712031": {
    "quantity": "0.00451333",
    "type": "buy",
    "price": "12000",
    "date": 1516797444,
    "trade_id": 44712031,
    "amount": "54.15996"
  },
  "44663356": {
    "quantity": "0.00444771",
    "type": "sell",
    "price": "11478",
    "date": 1516767792,
    "trade_id": 44663356,
    "amount": "51.05081538"
  },
  "44663357": {
    "quantity": "0.00113078",
    "type": "sell",
    "price": "11478",
    "date": 1516767792,
    "trade_id": 44663357,
    "amount": "12.97909284"
  },
  "44630592": {
    "quantity": "0.00496059",
    "type": "sell",
    "price": "11805.64",
    "date": 1516740780,
    "trade_id": 44630592,
    "amount": "58.56293972"
  },
  "44630596": {
    "quantity": "0.00276303",
    "type": "sell",
    "price": "11805.64",
    "date": 1516740784,
    "trade_id": 44630596,
    "amount": "32.61933748"
  },
  "44597831": {
    "quantity": "0.3",
    "type": "buy",
    "price": "11810",
    "date": 1516729307,
    "trade_id": 44597831,
    "amount": "3543"
  },
  "44597832": {
    "quantity": "0.6158",
    "type": "sell",
    "price": "11810",
    "date": 1516729307,
    "trade_id": 44597832,
    "amount": "7272.598"
  },
  "44662882": {
    "quantity": "0.0019772",
    "type": "buy",
    "price": "11538.51789888",
    "date": 1516767552,
    "trade_id": 44662882,
    "amount": "22.81395758"
  },
  "44630608": {
    "quantity": "0.00347242",
    "type": "sell",
    "price": "11805.64",
    "date": 1516740787,
    "trade_id": 44630608,
    "amount": "40.99414044"
  },
  "44630611": {
    "quantity": "0.00193412",
    "type": "sell",
    "price": "11805.64",
    "date": 1516740790,
    "trade_id": 44630611,
    "amount": "22.83352443"
  },
  "44629422": {
    "quantity": "0.00310378",
    "type": "sell",
    "price": "11750",
    "date": 1516740162,
    "trade_id": 44629422,
    "amount": "36.469415"
  },
  "44597849": {
    "quantity": "0.001",
    "type": "sell",
    "price": "11802",
    "date": 1516729314,
    "trade_id": 44597849,
    "amount": "11.802"
  },
  "44630618": {
    "quantity": "0.00135388",
    "type": "sell",
    "price": "11805.64",
    "date": 1516740794,
    "trade_id": 44630618,
    "amount": "15.98341988"
  },
  "44597851": {
    "quantity": "0.001",
    "type": "sell",
    "price": "11801",
    "date": 1516729314,
    "trade_id": 44597851,
    "amount": "11.801"
  },
  "44597854": {
    "quantity": "0.01188874",
    "type": "sell",
    "price": "11801",
    "date": 1516729315,
    "trade_id": 44597854,
    "amount": "140.29902074"
  },
  "44597855": {
    "quantity": "0.00811126",
    "type": "sell",
    "price": "11800",
    "date": 1516729315,
    "trade_id": 44597855,
    "amount": "95.712868"
  },
  "44630624": {
    "quantity": "0.0011",
    "type": "sell",
    "price": "11805.64",
    "date": 1516740797,
    "trade_id": 44630624,
    "amount": "12.986204"
  },
  "44696167": {
    "quantity": "0.004965",
    "type": "sell",
    "price": "11880",
    "date": 1516789005,
    "trade_id": 44696167,
    "amount": "58.9842"
  },
  "44696168": {
    "quantity": "0.00265119",
    "type": "sell",
    "price": "11877.4",
    "date": 1516789005,
    "trade_id": 44696168,
    "amount": "31.4892441"
  },
  "44696169": {
    "quantity": "0.0039",
    "type": "sell",
    "price": "11877.1",
    "date": 1516789005,
    "trade_id": 44696169,
    "amount": "46.32069"
  },
  "44696170": {
    "quantity": "0.015",
    "type": "sell",
    "price": "11876.82241321",
    "date": 1516789005,
    "trade_id": 44696170,
    "amount": "178.15233619"
  },
  "44696171": {
    "quantity": "0.001263",
    "type": "sell",
    "price": "11876.45405742",
    "date": 1516789005,
    "trade_id": 44696171,
    "amount": "14.99996147"
  },
  "44696172": {
    "quantity": "0.00168412",
    "type": "sell",
    "price": "11875.60011815",
    "date": 1516789005,
    "trade_id": 44696172,
    "amount": "19.99993567"
  },
  "44696173": {
    "quantity": "0.00308574",
    "type": "sell",
    "price": "11874.5",
    "date": 1516789005,
    "trade_id": 44696173,
    "amount": "36.64161963"
  },
  "44696174": {
    "quantity": "0.0060862",
    "type": "sell",
    "price": "11874.5",
    "date": 1516789005,
    "trade_id": 44696174,
    "amount": "72.2705819"
  },
  "44696175": {
    "quantity": "0.00218979",
    "type": "sell",
    "price": "11873.25222611",
    "date": 1516789005,
    "trade_id": 44696175,
    "amount": "25.99992899"
  },
  "44696176": {
    "quantity": "0.00412787",
    "type": "sell",
    "price": "11870.50393014",
    "date": 1516789005,
    "trade_id": 44696176,
    "amount": "48.99989705"
  },
  "44696177": {
    "quantity": "0.00607256",
    "type": "sell",
    "price": "11870.1969265",
    "date": 1516789005,
    "trade_id": 44696177,
    "amount": "72.08248304"
  },
  "44696178": {
    "quantity": "0.0133",
    "type": "sell",
    "price": "11868",
    "date": 1516789005,
    "trade_id": 44696178,
    "amount": "157.8444"
  },
  "44696179": {
    "quantity": "0.00126427",
    "type": "sell",
    "price": "11864.55380285",
    "date": 1516789005,
    "trade_id": 44696179,
    "amount": "14.99999943"
  },
  "44696180": {
    "quantity": "0.001",
    "type": "sell",
    "price": "11860",
    "date": 1516789005,
    "trade_id": 44696180,
    "amount": "11.86"
  },
  "44696181": {
    "quantity": "0.03148026",
    "type": "sell",
    "price": "11851.1",
    "date": 1516789005,
    "trade_id": 44696181,
    "amount": "373.07570928"
  },
  "44597880": {
    "quantity": "0.00109343",
    "type": "buy",
    "price": "11802",
    "date": 1516729321,
    "trade_id": 44597880,
    "amount": "12.90466086"
  },
  "44635583": {
    "quantity": "0.00124448",
    "type": "sell",
    "price": "11800",
    "date": 1516743582,
    "trade_id": 44635583,
    "amount": "14.684864"
  },
  "44717505": {
    "quantity": "0.00807238",
    "type": "sell",
    "price": "12075",
    "date": 1516799024,
    "trade_id": 44717505,
    "amount": "97.4739885"
  },
  "44597901": {
    "quantity": "0.001",
    "type": "buy",
    "price": "11802",
    "date": 1516729326,
    "trade_id": 44597901,
    "amount": "11.802"
  },
  "44696215": {
    "quantity": "0.0015",
    "type": "sell",
    "price": "11870.50393015",
    "date": 1516789027,
    "trade_id": 44696215,
    "amount": "17.80575589"
  },
  "44696216": {
    "quantity": "0.0015",
    "type": "sell",
    "price": "11851",
    "date": 1516789027,
    "trade_id": 44696216,
    "amount": "17.7765"
  },
  "44696220": {
    "quantity": "0.01842551",
    "type": "buy",
    "price": "11851.1",
    "date": 1516789029,
    "trade_id": 44696220,
    "amount": "218.36256156"
  },
  "44630687": {
    "quantity": "0.0011",
    "type": "sell",
    "price": "11810",
    "date": 1516740822,
    "trade_id": 44630687,
    "amount": "12.991"
  },
  "44696224": {
    "quantity": "0.00275241",
    "type": "buy",
    "price": "11851.1",
    "date": 1516789029,
    "trade_id": 44696224,
    "amount": "32.61908615"
  },
  "44696227": {
    "quantity": "0.00535036",
    "type": "buy",
    "price": "11851.1",
    "date": 1516789029,
    "trade_id": 44696227,
    "amount": "63.40765139"
  },
  "44696230": {
    "quantity": "0.03186932",
    "type": "buy",
    "price": "11851.1",
    "date": 1516789029,
    "trade_id": 44696230,
    "amount": "377.68649825"
  },
  "44597928": {
    "quantity": "0.00126081",
    "type": "buy",
    "price": "11802",
    "date": 1516729332,
    "trade_id": 44597928,
    "amount": "14.88007962"
  },
  "44597929": {
    "quantity": "0.00042111",
    "type": "buy",
    "price": "11802",
    "date": 1516729333,
    "trade_id": 44597929,
    "amount": "4.96994022"
  },
  "44696235": {
    "quantity": "0.01383475",
    "type": "buy",
    "price": "11851.1",
    "date": 1516789030,
    "trade_id": 44696235,
    "amount": "163.95700572"
  },
  "44597933": {
    "quantity": "0.001",
    "type": "buy",
    "price": "11802",
    "date": 1516729334,
    "trade_id": 44597933,
    "amount": "11.802"
  },
  "44663472": {
    "quantity": "0.00965901",
    "type": "buy",
    "price": "11491.85",
    "date": 1516767824,
    "trade_id": 44663472,
    "amount": "110.99989406"
  },
  "44713442": {
    "quantity": "0.001",
    "type": "buy",
    "price": "12145.11320002",
    "date": 1516798013,
    "trade_id": 44713442,
    "amount": "12.1451132"
  },
  "44597940": {
    "quantity": "0.002337",
    "type": "sell",
    "price": "11800",
    "date": 1516729335,
    "trade_id": 44597940,
    "amount": "27.5766"
  },
  "44696245": {
    "quantity": "0.01057292",
    "type": "buy",
    "price": "11851.1",
    "date": 1516789030,
    "trade_id": 44696245,
    "amount": "125.30073221"
  },
  "44597943": {
    "quantity": "0.001",
    "type": "buy",
    "price": "11802",
    "date": 1516729335,
    "trade_id": 44597943,
    "amount": "11.802"
  },
  "44597944": {
    "quantity": "0.00207528",
    "type": "buy",
    "price": "11802",
    "date": 1516729335,
    "trade_id": 44597944,
    "amount": "24.49245456"
  },
  "44597945": {
    "quantity": "0.00674754",
    "type": "sell",
    "price": "11800",
    "date": 1516729336,
    "trade_id": 44597945,
    "amount": "79.620972"
  },
  "44597946": {
    "quantity": "0.00323246",
    "type": "sell",
    "price": "11795",
    "date": 1516729336,
    "trade_id": 44597946,
    "amount": "38.1268657"
  },
  "44696252": {
    "quantity": "0.00143016",
    "type": "buy",
    "price": "11851.1",
    "date": 1516789031,
    "trade_id": 44696252,
    "amount": "16.94896917"
  },
  "44663488": {
    "quantity": "0.00239843",
    "type": "sell",
    "price": "11469",
    "date": 1516767827,
    "trade_id": 44663488,
    "amount": "27.50759367"
  },
  "44597955": {
    "quantity": "0.00291808",
    "type": "sell",
    "price": "11795.01",
    "date": 1516729338,
    "trade_id": 44597955,
    "amount": "34.41878278"
  },
  "44696261": {
    "quantity": "0.00100111",
    "type": "buy",
    "price": "11851.1",
    "date": 1516789033,
    "trade_id": 44696261,
    "amount": "11.86425472"
  },
  "44590145": {
    "quantity": "0.00185616",
    "type": "sell",
    "price": "12000.10012003",
    "date": 1516727496,
    "trade_id": 44590145,
    "amount": "22.27410583"
  },
  "44696266": {
    "quantity": "0.001",
    "type": "buy",
    "price": "11851.1",
    "date": 1516789033,
    "trade_id": 44696266,
    "amount": "11.8511"
  },
  "44597963": {
    "quantity": "0.00808192",
    "type": "sell",
    "price": "11795.01",
    "date": 1516729344,
    "trade_id": 44597963,
    "amount": "95.32632721"
  },
  "44597964": {
    "quantity": "0.00705371",
    "type": "sell",
    "price": "11795",
    "date": 1516729344,
    "trade_id": 44597964,
    "amount": "83.19850945"
  },
  "44696270": {
    "quantity": "0.001",
    "type": "buy",
    "price": "11851.1",
    "date": 1516789034,
    "trade_id": 44696270,
    "amount": "11.8511"
  },
  "44630735": {
    "quantity": "0.00203808",
    "type": "sell",
    "price": "11810",
    "date": 1516740842,
    "trade_id": 44630735,
    "amount": "24.0697248"
  },
  "44630736": {
    "quantity": "0.00240237",
    "type": "sell",
    "price": "11810",
    "date": 1516740842,
    "trade_id": 44630736,
    "amount": "28.3719897"
  },
  "44722979": {
    "quantity": "0.01789422",
    "type": "buy",
    "price": "12035.50022206",
    "date": 1516801161,
    "trade_id": 44722979,
    "amount": "215.36588878"
  },
  "44597973": {
    "quantity": "0.00201969",
    "type": "buy",
    "price": "11795",
    "date": 1516729347,
    "trade_id": 44597973,
    "amount": "23.82224355"
  },
  "44663510": {
    "quantity": "0.00233347",
    "type": "sell",
    "price": "11469",
    "date": 1516767834,
    "trade_id": 44663510,
    "amount": "26.76256743"
  },
  "44597975": {
    "quantity": "0.00284468",
    "type": "buy",
    "price": "11795",
    "date": 1516729348,
    "trade_id": 44597975,
    "amount": "33.5530006"
  },
  "44597978": {
    "quantity": "0.01114937",
    "type": "buy",
    "price": "11802",
    "date": 1516729348,
    "trade_id": 44597978,
    "amount": "131.58486474"
  },
  "44696283": {
    "quantity": "0.002",
    "type": "buy",
    "price": "11851.1",
    "date": 1516789037,
    "trade_id": 44696283,
    "amount": "23.7022"
  },
  "44663517": {
    "quantity": "0.02718244",
    "type": "sell",
    "price": "11470",
    "date": 1516767835,
    "trade_id": 44663517,
    "amount": "311.7825868"
  },
  "44696291": {
    "quantity": "0.001",
    "type": "buy",
    "price": "11851.1",
    "date": 1516789038,
    "trade_id": 44696291,
    "amount": "11.8511"
  },
  "44630757": {
    "quantity": "0.00203808",
    "type": "buy",
    "price": "11811.0443108",
    "date": 1516740847,
    "trade_id": 44630757,
    "amount": "24.07185318"
  },
  "44696297": {
    "quantity": "0.00212215",
    "type": "buy",
    "price": "11851.1",
    "date": 1516789039,
    "trade_id": 44696297,
    "amount": "25.14981186"
  },
  "44597996": {
    "quantity": "0.0010978",
    "type": "buy",
    "price": "11834.7",
    "date": 1516729356,
    "trade_id": 44597996,
    "amount": "12.99213366"
  },
  "44597997": {
    "quantity": "0.00091792",
    "type": "buy",
    "price": "11834.7",
    "date": 1516729356,
    "trade_id": 44597997,
    "amount": "10.86330782"
  },
  "44696305": {
    "quantity": "0.001",
    "type": "buy",
    "price": "11851.1",
    "date": 1516789042,
    "trade_id": 44696305,
    "amount": "11.8511"
  },
  "44717523": {
    "quantity": "0.00178794",
    "type": "sell",
    "price": "12075",
    "date": 1516799028,
    "trade_id": 44717523,
    "amount": "21.5893755"
  },
  "44696308": {
    "quantity": "0.0015828",
    "type": "buy",
    "price": "11851.1",
    "date": 1516789042,
    "trade_id": 44696308,
    "amount": "18.75792108"
  },
  "44630773": {
    "quantity": "0.00203816",
    "type": "buy",
    "price": "11811.0443108",
    "date": 1516740851,
    "trade_id": 44630773,
    "amount": "24.07279807"
  },
  "44663543": {
    "quantity": "0.00202552",
    "type": "sell",
    "price": "11469",
    "date": 1516767840,
    "trade_id": 44663543,
    "amount": "23.23068888"
  },
  "44598008": {
    "quantity": "0.00201572",
    "type": "buy",
    "price": "11834.7",
    "date": 1516729359,
    "trade_id": 44598008,
    "amount": "23.85544148"
  },
  "44696317": {
    "quantity": "0.00744392",
    "type": "buy",
    "price": "11851.1",
    "date": 1516789043,
    "trade_id": 44696317,
    "amount": "88.21864031"
  },
  "44701141": {
    "quantity": "0.00500069",
    "type": "sell",
    "price": "11850.5",
    "date": 1516791770,
    "trade_id": 44701141,
    "amount": "59.26067684"
  },
  "44696320": {
    "quantity": "0.001",
    "type": "buy",
    "price": "11851.1",
    "date": 1516789043,
    "trade_id": 44696320,
    "amount": "11.8511"
  },
  "44630785": {
    "quantity": "0.00097153",
    "type": "buy",
    "price": "11811.0443108",
    "date": 1516740853,
    "trade_id": 44630785,
    "amount": "11.47478387"
  },
  "44663556": {
    "quantity": "0.00268404",
    "type": "sell",
    "price": "11469",
    "date": 1516767842,
    "trade_id": 44663556,
    "amount": "30.78325476"
  },
  "44598022": {
    "quantity": "0.00362383",
    "type": "buy",
    "price": "11830",
    "date": 1516729363,
    "trade_id": 44598022,
    "amount": "42.8699089"
  },
  "44598023": {
    "quantity": "0.00355753",
    "type": "buy",
    "price": "11839.99",
    "date": 1516729363,
    "trade_id": 44598023,
    "amount": "42.12111962"
  },
  "44598024": {
    "quantity": "0.01986121",
    "type": "buy",
    "price": "11840",
    "date": 1516729363,
    "trade_id": 44598024,
    "amount": "235.1567264"
  },
  "44598025": {
    "quantity": "0.00374068",
    "type": "buy",
    "price": "11841.99",
    "date": 1516729363,
    "trade_id": 44598025,
    "amount": "44.29709515"
  },
  "44696330": {
    "quantity": "0.00110796",
    "type": "buy",
    "price": "11851.1",
    "date": 1516789045,
    "trade_id": 44696330,
    "amount": "13.13054475"
  },
  "44696337": {
    "quantity": "0.0010007",
    "type": "buy",
    "price": "11851.1",
    "date": 1516789048,
    "trade_id": 44696337,
    "amount": "11.85939577"
  },
  "44635975": {
    "quantity": "0.00203189",
    "type": "buy",
    "price": "11780.27",
    "date": 1516743872,
    "trade_id": 44635975,
    "amount": "23.93621281"
  },
  "44696342": {
    "quantity": "0.001",
    "type": "sell",
    "price": "11851",
    "date": 1516789048,
    "trade_id": 44696342,
    "amount": "11.851"
  },
  "44696345": {
    "quantity": "0.00100114",
    "type": "buy",
    "price": "11851.1",
    "date": 1516789049,
    "trade_id": 44696345,
    "amount": "11.86461025"
  },
  "44696352": {
    "quantity": "0.01408248",
    "type": "buy",
    "price": "11851.1",
    "date": 1516789050,
    "trade_id": 44696352,
    "amount": "166.89287872"
  },
  "44663589": {
    "quantity": "0.0007352",
    "type": "sell",
    "price": "11469",
    "date": 1516767883,
    "trade_id": 44663589,
    "amount": "8.4320088"
  },
  "44663590": {
    "quantity": "0.00552757",
    "type": "sell",
    "price": "11468.26024273",
    "date": 1516767883,
    "trade_id": 44663590,
    "amount": "63.39161126"
  },
  "44663591": {
    "quantity": "0.001",
    "type": "sell",
    "price": "11467.9231943",
    "date": 1516767883,
    "trade_id": 44663591,
    "amount": "11.46792319"
  },
  "44630824": {
    "quantity": "0.001",
    "type": "buy",
    "price": "11811",
    "date": 1516740877,
    "trade_id": 44630824,
    "amount": "11.811"
  },
  "44663593": {
    "quantity": "0.00175165",
    "type": "sell",
    "price": "11462.12226978",
    "date": 1516767883,
    "trade_id": 44663593,
    "amount": "20.07762647"
  },
  "44663595": {
    "quantity": "0.00192299",
    "type": "buy",
    "price": "11460",
    "date": 1516767883,
    "trade_id": 44663595,
    "amount": "22.0374654"
  },
  "44663599": {
    "quantity": "0.0011",
    "type": "buy",
    "price": "11460",
    "date": 1516767884,
    "trade_id": 44663599,
    "amount": "12.606"
  },
  "44679304": {
    "quantity": "0.00070313",
    "type": "sell",
    "price": "11842",
    "date": 1516778961,
    "trade_id": 44679304,
    "amount": "8.32646546"
  },
  "44696371": {
    "quantity": "0.00580677",
    "type": "buy",
    "price": "11851.1",
    "date": 1516789053,
    "trade_id": 44696371,
    "amount": "68.81661194"
  },
  "44696375": {
    "quantity": "0.03",
    "type": "buy",
    "price": "11851.1",
    "date": 1516789054,
    "trade_id": 44696375,
    "amount": "355.533"
  },
  "44630843": {
    "quantity": "0.004",
    "type": "buy",
    "price": "11811",
    "date": 1516740894,
    "trade_id": 44630843,
    "amount": "47.244"
  },
  "44696382": {
    "quantity": "0.0010007",
    "type": "buy",
    "price": "11851.1",
    "date": 1516789060,
    "trade_id": 44696382,
    "amount": "11.85939577"
  },
  "44696388": {
    "quantity": "0.00100202",
    "type": "buy",
    "price": "11851.1",
    "date": 1516789064,
    "trade_id": 44696388,
    "amount": "11.87503922"
  },
  "44630854": {
    "quantity": "0.00134255",
    "type": "buy",
    "price": "11811.83481364",
    "date": 1516740895,
    "trade_id": 44630854,
    "amount": "15.85797882"
  },
  "44630855": {
    "quantity": "0.00201695",
    "type": "buy",
    "price": "11813.48586212",
    "date": 1516740895,
    "trade_id": 44630855,
    "amount": "23.8272103"
  },
  "44630856": {
    "quantity": "0.001",
    "type": "buy",
    "price": "11818.13600001",
    "date": 1516740895,
    "trade_id": 44630856,
    "amount": "11.818136"
  },
  "44630857": {
    "quantity": "0.001",
    "type": "buy",
    "price": "11818.14612",
    "date": 1516740895,
    "trade_id": 44630857,
    "amount": "11.81814612"
  },
  "44630858": {
    "quantity": "0.00120217",
    "type": "buy",
    "price": "11834.49",
    "date": 1516740895,
    "trade_id": 44630858,
    "amount": "14.22706884"
  },
  "44630859": {
    "quantity": "0.00078235",
    "type": "buy",
    "price": "11834.49717009",
    "date": 1516740895,
    "trade_id": 44630859,
    "amount": "9.25871886"
  },
  "44696399": {
    "quantity": "0.00205186",
    "type": "buy",
    "price": "11851.1",
    "date": 1516789068,
    "trade_id": 44696399,
    "amount": "24.31679804"
  },
  "44598099": {
    "quantity": "0.04760598",
    "type": "sell",
    "price": "11787.76",
    "date": 1516729390,
    "trade_id": 44598099,
    "amount": "561.1678668"
  },
  "44630158": {
    "quantity": "0.00382873",
    "type": "sell",
    "price": "11750",
    "date": 1516740544,
    "trade_id": 44630158,
    "amount": "44.9875775"
  },
  "44696406": {
    "quantity": "0.00100201",
    "type": "buy",
    "price": "11851.1",
    "date": 1516789071,
    "trade_id": 44696406,
    "amount": "11.87492071"
  },
  "44598103": {
    "quantity": "0.015",
    "type": "sell",
    "price": "11787.77",
    "date": 1516729392,
    "trade_id": 44598103,
    "amount": "176.81655"
  },
  "44598104": {
    "quantity": "0.00610122",
    "type": "sell",
    "price": "11787.5397508",
    "date": 1516729392,
    "trade_id": 44598104,
    "amount": "71.91837327"
  },
  "44598107": {
    "quantity": "0.00413292",
    "type": "buy",
    "price": "11787",
    "date": 1516729392,
    "trade_id": 44598107,
    "amount": "48.71472804"
  },
  "44663646": {
    "quantity": "0.00820496",
    "type": "buy",
    "price": "11460",
    "date": 1516767906,
    "trade_id": 44663646,
    "amount": "94.0288416"
  },
  "44696415": {
    "quantity": "0.00100201",
    "type": "buy",
    "price": "11851.1",
    "date": 1516789077,
    "trade_id": 44696415,
    "amount": "11.87492071"
  },
  "44598112": {
    "quantity": "0.00328254",
    "type": "buy",
    "price": "11787",
    "date": 1516729392,
    "trade_id": 44598112,
    "amount": "38.69129898"
  },
  "44696422": {
    "quantity": "0.001002",
    "type": "buy",
    "price": "11851.1",
    "date": 1516789080,
    "trade_id": 44696422,
    "amount": "11.8748022"
  },
  "44695697": {
    "quantity": "0.00109",
    "type": "buy",
    "price": "11889",
    "date": 1516788774,
    "trade_id": 44695697,
    "amount": "12.95901"
  },
  "44630891": {
    "quantity": "0.00120263",
    "type": "buy",
    "price": "11834.49717009",
    "date": 1516740904,
    "trade_id": 44630891,
    "amount": "14.23252133"
  },
  "44630901": {
    "quantity": "0.00270475",
    "type": "buy",
    "price": "11831",
    "date": 1516740910,
    "trade_id": 44630901,
    "amount": "31.99989725"
  },
  "44630902": {
    "quantity": "0.00108609",
    "type": "buy",
    "price": "11831",
    "date": 1516740911,
    "trade_id": 44630902,
    "amount": "12.84953079"
  },
  "44590151": {
    "quantity": "0.00012132",
    "type": "sell",
    "price": "12000.02200001",
    "date": 1516727496,
    "trade_id": 44590151,
    "amount": "1.45584266"
  },
  "44696443": {
    "quantity": "0.00100201",
    "type": "buy",
    "price": "11851.1",
    "date": 1516789084,
    "trade_id": 44696443,
    "amount": "11.87492071"
  },
  "44630908": {
    "quantity": "0.00008452",
    "type": "buy",
    "price": "11831",
    "date": 1516740917,
    "trade_id": 44630908,
    "amount": "0.99995612"
  },
  "44695701": {
    "quantity": "0.00750468",
    "type": "buy",
    "price": "11895",
    "date": 1516788774,
    "trade_id": 44695701,
    "amount": "89.2681686"
  },
  "44657472": {
    "quantity": "0.00404606",
    "type": "buy",
    "price": "11644.8",
    "date": 1516761793,
    "trade_id": 44657472,
    "amount": "47.11555948"
  },
  "44696450": {
    "quantity": "0.00100201",
    "type": "buy",
    "price": "11851.1",
    "date": 1516789088,
    "trade_id": 44696450,
    "amount": "11.87492071"
  },
  "44696451": {
    "quantity": "0.00677845",
    "type": "sell",
    "price": "11851",
    "date": 1516789089,
    "trade_id": 44696451,
    "amount": "80.33141095"
  },
  "44695702": {
    "quantity": "0.01066586",
    "type": "buy",
    "price": "11895",
    "date": 1516788774,
    "trade_id": 44695702,
    "amount": "126.8704047"
  },
  "44663689": {
    "quantity": "0.039",
    "type": "buy",
    "price": "11489.661533",
    "date": 1516767986,
    "trade_id": 44663689,
    "amount": "448.09679978"
  },
  "44663690": {
    "quantity": "0.07168236",
    "type": "buy",
    "price": "11489.761533",
    "date": 1516767986,
    "trade_id": 44663690,
    "amount": "823.61322252"
  },
  "44663691": {
    "quantity": "0.05881902",
    "type": "buy",
    "price": "11497.81",
    "date": 1516767986,
    "trade_id": 44663691,
    "amount": "676.28991634"
  },
  "44696463": {
    "quantity": "0.00100201",
    "type": "buy",
    "price": "11851.1",
    "date": 1516789091,
    "trade_id": 44696463,
    "amount": "11.87492071"
  },
  "44695704": {
    "quantity": "0.00608789",
    "type": "buy",
    "price": "11895",
    "date": 1516788774,
    "trade_id": 44695704,
    "amount": "72.41545155"
  },
  "44663700": {
    "quantity": "0.85",
    "type": "buy",
    "price": "11484",
    "date": 1516768005,
    "trade_id": 44663700,
    "amount": "9761.4"
  },
  "44696469": {
    "quantity": "0.00178992",
    "type": "buy",
    "price": "11851.1",
    "date": 1516789094,
    "trade_id": 44696469,
    "amount": "21.21252091"
  },
  "44695707": {
    "quantity": "0.00212006",
    "type": "buy",
    "price": "11900",
    "date": 1516788774,
    "trade_id": 44695707,
    "amount": "25.228714"
  },
  "44611975": {
    "quantity": "0.00335944",
    "type": "sell",
    "price": "11900.1",
    "date": 1516733848,
    "trade_id": 44611975,
    "amount": "39.97767194"
  },
  "44696500": {
    "quantity": "0.00262061",
    "type": "buy",
    "price": "11850",
    "date": 1516789106,
    "trade_id": 44696500,
    "amount": "31.0542285"
  },
  "44695710": {
    "quantity": "0.03",
    "type": "buy",
    "price": "11913",
    "date": 1516788774,
    "trade_id": 44695710,
    "amount": "357.39"
  },
  "44696504": {
    "quantity": "0.001",
    "type": "buy",
    "price": "11850",
    "date": 1516789109,
    "trade_id": 44696504,
    "amount": "11.85"
  },
  "44695712": {
    "quantity": "0.00208541",
    "type": "buy",
    "price": "11919",
    "date": 1516788774,
    "trade_id": 44695712,
    "amount": "24.85600179"
  },
  "44591947": {
    "quantity": "0.00214849",
    "type": "sell",
    "price": "11820.01",
    "date": 1516727833,
    "trade_id": 44591947,
    "amount": "25.39517328"
  },
  "44635981": {
    "quantity": "0.0024045",
    "type": "buy",
    "price": "11780.27",
    "date": 1516743874,
    "trade_id": 44635981,
    "amount": "28.32565921"
  },
  "44696520": {
    "quantity": "0.00191382",
    "type": "buy",
    "price": "11850",
    "date": 1516789115,
    "trade_id": 44696520,
    "amount": "22.678767"
  },
  "44718907": {
    "quantity": "0.0011",
    "type": "sell",
    "price": "12075",
    "date": 1516799574,
    "trade_id": 44718907,
    "amount": "13.2825"
  },
  "44635639": {
    "quantity": "0.001",
    "type": "buy",
    "price": "11820",
    "date": 1516743595,
    "trade_id": 44635639,
    "amount": "11.82"
  },
  "44696525": {
    "quantity": "0.00100205",
    "type": "buy",
    "price": "11850",
    "date": 1516789117,
    "trade_id": 44696525,
    "amount": "11.8742925"
  },
  "44663763": {
    "quantity": "0.8595",
    "type": "sell",
    "price": "11470.6",
    "date": 1516768055,
    "trade_id": 44663763,
    "amount": "9858.9807"
  },
  "44696532": {
    "quantity": "0.00228824",
    "type": "buy",
    "price": "11851.1",
    "date": 1516789118,
    "trade_id": 44696532,
    "amount": "27.11816106"
  },
  "44570105": {
    "quantity": "0.00138195",
    "type": "sell",
    "price": "11570.01",
    "date": 1516723773,
    "trade_id": 44570105,
    "amount": "15.98917531"
  },
  "44696536": {
    "quantity": "0.00100205",
    "type": "sell",
    "price": "11850",
    "date": 1516789120,
    "trade_id": 44696536,
    "amount": "11.8742925"
  },
  "44696542": {
    "quantity": "0.00100205",
    "type": "buy",
    "price": "11850",
    "date": 1516789122,
    "trade_id": 44696542,
    "amount": "11.8742925"
  },
  "44712101": {
    "quantity": "0.00602339",
    "type": "buy",
    "price": "12061.2566753",
    "date": 1516797464,
    "trade_id": 44712101,
    "amount": "72.64965284"
  },
  "44662169": {
    "quantity": "0.00647505",
    "type": "sell",
    "price": "11503",
    "date": 1516767129,
    "trade_id": 44662169,
    "amount": "74.48250015"
  },
  "44696545": {
    "quantity": "0.00085066",
    "type": "buy",
    "price": "11850",
    "date": 1516789124,
    "trade_id": 44696545,
    "amount": "10.080321"
  },
  "44631010": {
    "quantity": "0.00145538",
    "type": "sell",
    "price": "11810.02",
    "date": 1516740964,
    "trade_id": 44631010,
    "amount": "17.1880669"
  },
  "44696553": {
    "quantity": "0.00100205",
    "type": "buy",
    "price": "11851.1",
    "date": 1516789126,
    "trade_id": 44696553,
    "amount": "11.87539475"
  },
  "44712103": {
    "quantity": "0.06359201",
    "type": "buy",
    "price": "12098",
    "date": 1516797464,
    "trade_id": 44712103,
    "amount": "769.33613698"
  },
  "44696557": {
    "quantity": "0.00208533",
    "type": "buy",
    "price": "11851.1",
    "date": 1516789130,
    "trade_id": 44696557,
    "amount": "24.71345436"
  },
  "44696563": {
    "quantity": "0.00208533",
    "type": "buy",
    "price": "11851.1",
    "date": 1516789132,
    "trade_id": 44696563,
    "amount": "24.71345436"
  },
  "44696568": {
    "quantity": "0.00999991",
    "type": "buy",
    "price": "11851.1",
    "date": 1516789136,
    "trade_id": 44696568,
    "amount": "118.5099334"
  },
  "44696572": {
    "quantity": "0.00202023",
    "type": "buy",
    "price": "11851.1",
    "date": 1516789138,
    "trade_id": 44696572,
    "amount": "23.94194775"
  },
  "44723029": {
    "quantity": "0.00206503",
    "type": "buy",
    "price": "12057.9",
    "date": 1516801195,
    "trade_id": 44723029,
    "amount": "24.89992523"
  },
  "44598273": {
    "quantity": "0.00362447",
    "type": "buy",
    "price": "11830",
    "date": 1516729449,
    "trade_id": 44598273,
    "amount": "42.8774801"
  },
  "44598274": {
    "quantity": "0.00110877",
    "type": "buy",
    "price": "11835.15",
    "date": 1516729449,
    "trade_id": 44598274,
    "amount": "13.12245926"
  },
  "44602158": {
    "quantity": "0.05",
    "type": "sell",
    "price": "11897",
    "date": 1516730620,
    "trade_id": 44602158,
    "amount": "594.85"
  },
  "44696589": {
    "quantity": "1.1",
    "type": "buy",
    "price": "11850",
    "date": 1516789145,
    "trade_id": 44696589,
    "amount": "13035"
  },
  "44696590": {
    "quantity": "0.00208533",
    "type": "buy",
    "price": "11851.1",
    "date": 1516789145,
    "trade_id": 44696590,
    "amount": "24.71345436"
  },
  "44696593": {
    "quantity": "0.001",
    "type": "buy",
    "price": "11851.1",
    "date": 1516789149,
    "trade_id": 44696593,
    "amount": "11.8511"
  },
  "44696603": {
    "quantity": "0.00145973",
    "type": "buy",
    "price": "11851.1",
    "date": 1516789152,
    "trade_id": 44696603,
    "amount": "17.2994062"
  },
  "44696606": {
    "quantity": "0.00230567",
    "type": "buy",
    "price": "11851.1",
    "date": 1516789153,
    "trade_id": 44696606,
    "amount": "27.32472573"
  },
  "44717574": {
    "quantity": "0.00149186",
    "type": "sell",
    "price": "12075.1",
    "date": 1516799051,
    "trade_id": 44717574,
    "amount": "18.01435868"
  },
  "44696615": {
    "quantity": "0.00145973",
    "type": "buy",
    "price": "11851.1",
    "date": 1516789159,
    "trade_id": 44696615,
    "amount": "17.2994062"
  },
  "44631083": {
    "quantity": "0.00012464",
    "type": "buy",
    "price": "11831",
    "date": 1516740987,
    "trade_id": 44631083,
    "amount": "1.47461584"
  },
  "44631084": {
    "quantity": "0.00087536",
    "type": "buy",
    "price": "11834.49717009",
    "date": 1516740987,
    "trade_id": 44631084,
    "amount": "10.35944544"
  },
  "44663857": {
    "quantity": "0.00193922",
    "type": "buy",
    "price": "11499.31",
    "date": 1516768142,
    "trade_id": 44663857,
    "amount": "22.29969193"
  },
  "44663858": {
    "quantity": "0.00261322",
    "type": "buy",
    "price": "11499.31",
    "date": 1516768142,
    "trade_id": 44663858,
    "amount": "30.05022687"
  },
  "44631093": {
    "quantity": "0.0011",
    "type": "sell",
    "price": "11820",
    "date": 1516740990,
    "trade_id": 44631093,
    "amount": "13.002"
  },
  "44696640": {
    "quantity": "0.01",
    "type": "sell",
    "price": "11851",
    "date": 1516789183,
    "trade_id": 44696640,
    "amount": "118.51"
  },
  "44631105": {
    "quantity": "0.0011",
    "type": "sell",
    "price": "11820",
    "date": 1516740993,
    "trade_id": 44631105,
    "amount": "13.002"
  },
  "44713572": {
    "quantity": "0.00178937",
    "type": "sell",
    "price": "12100.05",
    "date": 1516798037,
    "trade_id": 44713572,
    "amount": "21.65146646"
  },
  "44663888": {
    "quantity": "0.00150696",
    "type": "buy",
    "price": "11499.9",
    "date": 1516768225,
    "trade_id": 44663888,
    "amount": "17.3298893"
  },
  "44575587": {
    "quantity": "0.00594322",
    "type": "buy",
    "price": "11866.98715678",
    "date": 1516724897,
    "trade_id": 44575587,
    "amount": "70.5281154"
  },
  "44713456": {
    "quantity": "0.00204427",
    "type": "sell",
    "price": "12100",
    "date": 1516798014,
    "trade_id": 44713456,
    "amount": "24.735667"
  },
  "44570518": {
    "quantity": "0.00433502",
    "type": "buy",
    "price": "11570.01",
    "date": 1516723850,
    "trade_id": 44570518,
    "amount": "50.15622475"
  },
  "44598364": {
    "quantity": "0.001407",
    "type": "sell",
    "price": "11788",
    "date": 1516729522,
    "trade_id": 44598364,
    "amount": "16.585716"
  },
  "44598366": {
    "quantity": "0.001593",
    "type": "buy",
    "price": "11788",
    "date": 1516729522,
    "trade_id": 44598366,
    "amount": "18.778284"
  },
  "44662971": {
    "quantity": "0.09027247",
    "type": "sell",
    "price": "11520.7",
    "date": 1516767601,
    "trade_id": 44662971,
    "amount": "1040.00204512"
  },
  "44575590": {
    "quantity": "0.00180817",
    "type": "buy",
    "price": "11885.92128202",
    "date": 1516724897,
    "trade_id": 44575590,
    "amount": "21.49176628"
  },
  "44631149": {
    "quantity": "0.00716919",
    "type": "sell",
    "price": "11820",
    "date": 1516741005,
    "trade_id": 44631149,
    "amount": "84.7398258"
  },
  "44631150": {
    "quantity": "0.9729",
    "type": "buy",
    "price": "11829",
    "date": 1516741006,
    "trade_id": 44631150,
    "amount": "11508.4341"
  },
  "44631151": {
    "quantity": "0.00363123",
    "type": "buy",
    "price": "11834.49717009",
    "date": 1516741020,
    "trade_id": 44631151,
    "amount": "42.97378115"
  },
  "44631152": {
    "quantity": "0.0199815",
    "type": "buy",
    "price": "11834.49717009",
    "date": 1516741020,
    "trade_id": 44631152,
    "amount": "236.4710052"
  },
  "44631153": {
    "quantity": "0.001",
    "type": "buy",
    "price": "11839.2307354",
    "date": 1516741020,
    "trade_id": 44631153,
    "amount": "11.83923073"
  },
  "44631154": {
    "quantity": "0.001",
    "type": "buy",
    "price": "11841.412",
    "date": 1516741020,
    "trade_id": 44631154,
    "amount": "11.841412"
  },
  "44631155": {
    "quantity": "0.001",
    "type": "buy",
    "price": "11842.43412",
    "date": 1516741020,
    "trade_id": 44631155,
    "amount": "11.84243412"
  },
  "44631156": {
    "quantity": "0.01684993",
    "type": "buy",
    "price": "11845",
    "date": 1516741020,
    "trade_id": 44631156,
    "amount": "199.58742085"
  },
  "44631157": {
    "quantity": "0.00422119",
    "type": "buy",
    "price": "11845",
    "date": 1516741022,
    "trade_id": 44631157,
    "amount": "49.99999555"
  },
  "44598390": {
    "quantity": "0.001",
    "type": "sell",
    "price": "11781.16",
    "date": 1516729544,
    "trade_id": 44598390,
    "amount": "11.78116"
  },
  "44598391": {
    "quantity": "0.019",
    "type": "sell",
    "price": "11781.16",
    "date": 1516729544,
    "trade_id": 44598391,
    "amount": "223.84204"
  },
  "44696700": {
    "quantity": "0.002",
    "type": "buy",
    "price": "11851.1",
    "date": 1516789211,
    "trade_id": 44696700,
    "amount": "23.7022"
  },
  "44696701": {
    "quantity": "0.002371",
    "type": "sell",
    "price": "11851",
    "date": 1516789212,
    "trade_id": 44696701,
    "amount": "28.098721"
  },
  "44586517": {
    "quantity": "0.0061582",
    "type": "sell",
    "price": "11991.04",
    "date": 1516726625,
    "trade_id": 44586517,
    "amount": "73.84322252"
  },
  "44631169": {
    "quantity": "1.13",
    "type": "sell",
    "price": "11823.2",
    "date": 1516741033,
    "trade_id": 44631169,
    "amount": "13360.216"
  },
  "44657515": {
    "quantity": "0.001293",
    "type": "buy",
    "price": "11600",
    "date": 1516761897,
    "trade_id": 44657515,
    "amount": "14.9988"
  },
  "44631178": {
    "quantity": "0.00101392",
    "type": "buy",
    "price": "11845",
    "date": 1516741042,
    "trade_id": 44631178,
    "amount": "12.0098824"
  },
  "44631179": {
    "quantity": "0.00227944",
    "type": "buy",
    "price": "11845",
    "date": 1516741043,
    "trade_id": 44631179,
    "amount": "26.9999668"
  },
  "44696724": {
    "quantity": "0.01265705",
    "type": "buy",
    "price": "11851.1",
    "date": 1516789243,
    "trade_id": 44696724,
    "amount": "149.99996525"
  },
  "44696725": {
    "quantity": "0.00120471",
    "type": "buy",
    "price": "11851.1",
    "date": 1516789243,
    "trade_id": 44696725,
    "amount": "14.27713868"
  },
  "44598425": {
    "quantity": "0.01021012",
    "type": "sell",
    "price": "11781.16",
    "date": 1516729581,
    "trade_id": 44598425,
    "amount": "120.28705733"
  },
  "44598443": {
    "quantity": "0.02290713",
    "type": "sell",
    "price": "11781.16",
    "date": 1516729585,
    "trade_id": 44598443,
    "amount": "269.87256367"
  },
  "44575603": {
    "quantity": "0.00160009",
    "type": "sell",
    "price": "11852.3829659",
    "date": 1516724898,
    "trade_id": 44575603,
    "amount": "18.96487945"
  },
  "44598456": {
    "quantity": "0.001",
    "type": "sell",
    "price": "11782.16",
    "date": 1516729600,
    "trade_id": 44598456,
    "amount": "11.78216"
  },
  "44598457": {
    "quantity": "0.037509",
    "type": "sell",
    "price": "11781.16",
    "date": 1516729600,
    "trade_id": 44598457,
    "amount": "441.89953044"
  },
  "44598460": {
    "quantity": "0.00182298",
    "type": "sell",
    "price": "11781.16",
    "date": 1516729602,
    "trade_id": 44598460,
    "amount": "21.47681905"
  },
  "44631231": {
    "quantity": "0.00228566",
    "type": "sell",
    "price": "11820.1",
    "date": 1516741054,
    "trade_id": 44631231,
    "amount": "27.01672976"
  },
  "44696768": {
    "quantity": "0.0011",
    "type": "buy",
    "price": "11851.1",
    "date": 1516789246,
    "trade_id": 44696768,
    "amount": "13.03621"
  },
  "44631237": {
    "quantity": "0.00227691",
    "type": "buy",
    "price": "11845",
    "date": 1516741055,
    "trade_id": 44631237,
    "amount": "26.96999895"
  },
  "44696778": {
    "quantity": "0.02330769",
    "type": "buy",
    "price": "11851.1",
    "date": 1516789257,
    "trade_id": 44696778,
    "amount": "276.22176495"
  },
  "44608375": {
    "quantity": "0.001",
    "type": "buy",
    "price": "11860",
    "date": 1516732565,
    "trade_id": 44608375,
    "amount": "11.86"
  },
  "44570146": {
    "quantity": "0.00144699",
    "type": "sell",
    "price": "11546.03154602",
    "date": 1516723783,
    "trade_id": 44570146,
    "amount": "16.70699218"
  },
  "44664021": {
    "quantity": "0.00203841",
    "type": "buy",
    "price": "11500",
    "date": 1516768414,
    "trade_id": 44664021,
    "amount": "23.441715"
  },
  "44664025": {
    "quantity": "0.00322937",
    "type": "buy",
    "price": "11500",
    "date": 1516768415,
    "trade_id": 44664025,
    "amount": "37.137755"
  },
  "44696798": {
    "quantity": "0.00101256",
    "type": "buy",
    "price": "11851.1",
    "date": 1516789290,
    "trade_id": 44696798,
    "amount": "11.99994981"
  },
  "44598499": {
    "quantity": "0.05855077",
    "type": "sell",
    "price": "11781.16",
    "date": 1516729609,
    "trade_id": 44598499,
    "amount": "689.79598949"
  },
  "44598500": {
    "quantity": "0.00283352",
    "type": "sell",
    "price": "11780.14011781",
    "date": 1516729609,
    "trade_id": 44598500,
    "amount": "33.37926262"
  },
  "44598501": {
    "quantity": "0.05",
    "type": "sell",
    "price": "11780.0001",
    "date": 1516729609,
    "trade_id": 44598501,
    "amount": "589.000005"
  },
  "44598502": {
    "quantity": "0.02926591",
    "type": "sell",
    "price": "11780",
    "date": 1516729609,
    "trade_id": 44598502,
    "amount": "344.7524198"
  },
  "44664041": {
    "quantity": "0.01117666",
    "type": "buy",
    "price": "11500",
    "date": 1516768416,
    "trade_id": 44664041,
    "amount": "128.53159"
  },
  "44696811": {
    "quantity": "0.0014177",
    "type": "buy",
    "price": "11851.1",
    "date": 1516789308,
    "trade_id": 44696811,
    "amount": "16.80130447"
  },
  "44664044": {
    "quantity": "0.0192508",
    "type": "buy",
    "price": "11500",
    "date": 1516768417,
    "trade_id": 44664044,
    "amount": "221.3842"
  },
  "44664045": {
    "quantity": "0.00373041",
    "type": "buy",
    "price": "11500",
    "date": 1516768417,
    "trade_id": 44664045,
    "amount": "42.899715"
  },
  "44696818": {
    "quantity": "0.00339343",
    "type": "buy",
    "price": "11851.1",
    "date": 1516789308,
    "trade_id": 44696818,
    "amount": "40.21587827"
  },
  "44598515": {
    "quantity": "0.22268175",
    "type": "sell",
    "price": "11780",
    "date": 1516729612,
    "trade_id": 44598515,
    "amount": "2623.191015"
  },
  "44696821": {
    "quantity": "0.00194",
    "type": "buy",
    "price": "11851.1",
    "date": 1516789313,
    "trade_id": 44696821,
    "amount": "22.991134"
  },
  "44701344": {
    "quantity": "0.00260183",
    "type": "buy",
    "price": "11851.35",
    "date": 1516791837,
    "trade_id": 44701344,
    "amount": "30.83519797"
  },
  "44570153": {
    "quantity": "0.00000011",
    "type": "sell",
    "price": "11546.03154602",
    "date": 1516723784,
    "trade_id": 44570153,
    "amount": "0.00127006"
  },
  "44709097": {
    "quantity": "0.02423642",
    "type": "buy",
    "price": "11942",
    "date": 1516796571,
    "trade_id": 44709097,
    "amount": "289.43132764"
  },
  "44696829": {
    "quantity": "0.9113",
    "type": "sell",
    "price": "11850",
    "date": 1516789330,
    "trade_id": 44696829,
    "amount": "10798.905"
  },
  "44711426": {
    "quantity": "0.00358339",
    "type": "buy",
    "price": "11997.8",
    "date": 1516797153,
    "trade_id": 44711426,
    "amount": "42.99279654"
  },
  "44706690": {
    "quantity": "0.00647494",
    "type": "sell",
    "price": "11836.91",
    "date": 1516795053,
    "trade_id": 44706690,
    "amount": "76.64328203"
  },
  "44631319": {
    "quantity": "0.001",
    "type": "buy",
    "price": "11845",
    "date": 1516741115,
    "trade_id": 44631319,
    "amount": "11.845"
  },
  "44696857": {
    "quantity": "0.01090038",
    "type": "buy",
    "price": "11851.1",
    "date": 1516789351,
    "trade_id": 44696857,
    "amount": "129.18149341"
  },
  "44664093": {
    "quantity": "0.00868734",
    "type": "buy",
    "price": "11511",
    "date": 1516768440,
    "trade_id": 44664093,
    "amount": "99.99997074"
  },
  "44631326": {
    "quantity": "0.00151446",
    "type": "buy",
    "price": "11845",
    "date": 1516741117,
    "trade_id": 44631326,
    "amount": "17.9387787"
  },
  "44631328": {
    "quantity": "0.00118917",
    "type": "buy",
    "price": "11845",
    "date": 1516741117,
    "trade_id": 44631328,
    "amount": "14.08571865"
  },
  "44598565": {
    "quantity": "0.011",
    "type": "sell",
    "price": "11780",
    "date": 1516729623,
    "trade_id": 44598565,
    "amount": "129.58"
  },
  "44631334": {
    "quantity": "0.001",
    "type": "buy",
    "price": "11845",
    "date": 1516741118,
    "trade_id": 44631334,
    "amount": "11.845"
  },
  "44668466": {
    "quantity": "0.00113746",
    "type": "sell",
    "price": "11649.01",
    "date": 1516772734,
    "trade_id": 44668466,
    "amount": "13.25028291"
  },
  "44664115": {
    "quantity": "0.884",
    "type": "buy",
    "price": "11506",
    "date": 1516768452,
    "trade_id": 44664115,
    "amount": "10171.304"
  },
  "44631351": {
    "quantity": "0.001",
    "type": "buy",
    "price": "11845",
    "date": 1516741120,
    "trade_id": 44631351,
    "amount": "11.845"
  },
  "44631353": {
    "quantity": "0.00107032",
    "type": "buy",
    "price": "11845",
    "date": 1516741120,
    "trade_id": 44631353,
    "amount": "12.6779404"
  },
  "44631358": {
    "quantity": "0.00009624",
    "type": "buy",
    "price": "11845",
    "date": 1516741121,
    "trade_id": 44631358,
    "amount": "1.1399628"
  },
  "44598597": {
    "quantity": "0.01010664",
    "type": "sell",
    "price": "11780",
    "date": 1516729626,
    "trade_id": 44598597,
    "amount": "119.0562192"
  },
  "44631366": {
    "quantity": "0.00266802",
    "type": "buy",
    "price": "11845",
    "date": 1516741124,
    "trade_id": 44631366,
    "amount": "31.6026969"
  },
  "44631369": {
    "quantity": "0.0011",
    "type": "buy",
    "price": "11845",
    "date": 1516741125,
    "trade_id": 44631369,
    "amount": "13.0295"
  },
  "44631370": {
    "quantity": "0.022",
    "type": "sell",
    "price": "11830.1",
    "date": 1516741125,
    "trade_id": 44631370,
    "amount": "260.2622"
  },
  "44631371": {
    "quantity": "0.11271227",
    "type": "sell",
    "price": "11830.1",
    "date": 1516741125,
    "trade_id": 44631371,
    "amount": "1333.39742532"
  },
  "44664140": {
    "quantity": "0.00297",
    "type": "sell",
    "price": "11490.78",
    "date": 1516768497,
    "trade_id": 44664140,
    "amount": "34.1276166"
  },
  "44696914": {
    "quantity": "0.00600995",
    "type": "buy",
    "price": "11851",
    "date": 1516789387,
    "trade_id": 44696914,
    "amount": "71.22391745"
  },
  "44664151": {
    "quantity": "0.00448784",
    "type": "buy",
    "price": "11500",
    "date": 1516768507,
    "trade_id": 44664151,
    "amount": "51.61016"
  },
  "44664152": {
    "quantity": "0.00204204",
    "type": "buy",
    "price": "11500",
    "date": 1516768508,
    "trade_id": 44664152,
    "amount": "23.48346"
  },
  "44664157": {
    "quantity": "0.02114537",
    "type": "buy",
    "price": "11500",
    "date": 1516768508,
    "trade_id": 44664157,
    "amount": "243.171755"
  },
  "44635707": {
    "quantity": "0.001",
    "type": "buy",
    "price": "11819.99",
    "date": 1516743650,
    "trade_id": 44635707,
    "amount": "11.81999"
  },
  "44631398": {
    "quantity": "0.00161509",
    "type": "sell",
    "price": "11830.1",
    "date": 1516741156,
    "trade_id": 44631398,
    "amount": "19.1066762"
  },
  "44631400": {
    "quantity": "0.01318202",
    "type": "sell",
    "price": "11830.1",
    "date": 1516741156,
    "trade_id": 44631400,
    "amount": "155.9446148"
  },
  "44631401": {
    "quantity": "0.01325822",
    "type": "sell",
    "price": "11830.1",
    "date": 1516741156,
    "trade_id": 44631401,
    "amount": "156.84606842"
  },
  "44696938": {
    "quantity": "0.01571198",
    "type": "buy",
    "price": "11897.29",
    "date": 1516789394,
    "trade_id": 44696938,
    "amount": "186.92998253"
  },
  "44631405": {
    "quantity": "0.00850187",
    "type": "sell",
    "price": "11830.1",
    "date": 1516741156,
    "trade_id": 44631405,
    "amount": "100.57797228"
  },
  "44717629": {
    "quantity": "0.001",
    "type": "sell",
    "price": "12075.1",
    "date": 1516799075,
    "trade_id": 44717629,
    "amount": "12.0751"
  },
  "44598642": {
    "quantity": "0.00201432",
    "type": "sell",
    "price": "11780",
    "date": 1516729643,
    "trade_id": 44598642,
    "amount": "23.7286896"
  },
  "44664180": {
    "quantity": "0.00540001",
    "type": "sell",
    "price": "11500.12",
    "date": 1516768528,
    "trade_id": 44664180,
    "amount": "62.100763"
  },
  "44598645": {
    "quantity": "0.01620792",
    "type": "sell",
    "price": "11780",
    "date": 1516729646,
    "trade_id": 44598645,
    "amount": "190.9292976"
  },
  "44631416": {
    "quantity": "0.00209998",
    "type": "sell",
    "price": "11830.1",
    "date": 1516741157,
    "trade_id": 44631416,
    "amount": "24.84297339"
  },
  "44631417": {
    "quantity": "0.00351632",
    "type": "sell",
    "price": "11830.1",
    "date": 1516741158,
    "trade_id": 44631417,
    "amount": "41.59841723"
  },
  "44598653": {
    "quantity": "0.01110263",
    "type": "buy",
    "price": "11799",
    "date": 1516729652,
    "trade_id": 44598653,
    "amount": "130.99993137"
  },
  "44631428": {
    "quantity": "0.001",
    "type": "sell",
    "price": "11840",
    "date": 1516741177,
    "trade_id": 44631428,
    "amount": "11.84"
  },
  "44631429": {
    "quantity": "0.00187702",
    "type": "sell",
    "price": "11830.1",
    "date": 1516741177,
    "trade_id": 44631429,
    "amount": "22.2053343"
  },
  "44598662": {
    "quantity": "0.02725745",
    "type": "sell",
    "price": "11780",
    "date": 1516729652,
    "trade_id": 44598662,
    "amount": "321.092761"
  },
  "44631436": {
    "quantity": "0.00057388",
    "type": "buy",
    "price": "11845",
    "date": 1516741180,
    "trade_id": 44631436,
    "amount": "6.7976086"
  },
  "44631437": {
    "quantity": "0.00123883",
    "type": "buy",
    "price": "11845",
    "date": 1516741180,
    "trade_id": 44631437,
    "amount": "14.67394135"
  },
  "44598672": {
    "quantity": "0.01907318",
    "type": "sell",
    "price": "11790",
    "date": 1516729654,
    "trade_id": 44598672,
    "amount": "224.8727922"
  },
  "44631441": {
    "quantity": "0.0012689",
    "type": "buy",
    "price": "11845",
    "date": 1516741183,
    "trade_id": 44631441,
    "amount": "15.0301205"
  },
  "44598674": {
    "quantity": "0.19389477",
    "type": "sell",
    "price": "11790",
    "date": 1516729655,
    "trade_id": 44598674,
    "amount": "2286.0193383"
  },
  "44598675": {
    "quantity": "0.31057977",
    "type": "sell",
    "price": "11780",
    "date": 1516729655,
    "trade_id": 44598675,
    "amount": "3658.6296906"
  },
  "44598679": {
    "quantity": "0.23178509",
    "type": "sell",
    "price": "11780",
    "date": 1516729656,
    "trade_id": 44598679,
    "amount": "2730.4283602"
  },
  "44631448": {
    "quantity": "0.001",
    "type": "buy",
    "price": "11845",
    "date": 1516741186,
    "trade_id": 44631448,
    "amount": "11.845"
  },
  "44696989": {
    "quantity": "0.0011",
    "type": "buy",
    "price": "11897.1",
    "date": 1516789437,
    "trade_id": 44696989,
    "amount": "13.08681"
  },
  "44645817": {
    "quantity": "0.00379664",
    "type": "buy",
    "price": "11697.57",
    "date": 1516749738,
    "trade_id": 44645817,
    "amount": "44.41146216"
  },
  "44570183": {
    "quantity": "0.00868639",
    "type": "sell",
    "price": "11550",
    "date": 1516723789,
    "trade_id": 44570183,
    "amount": "100.3278045"
  },
  "44663026": {
    "quantity": "0.001",
    "type": "buy",
    "price": "11543.88999999",
    "date": 1516767647,
    "trade_id": 44663026,
    "amount": "11.54388999"
  },
  "44697022": {
    "quantity": "0.001",
    "type": "sell",
    "price": "11851",
    "date": 1516789480,
    "trade_id": 44697022,
    "amount": "11.851"
  },
  "44697023": {
    "quantity": "0.005015",
    "type": "sell",
    "price": "11850.10000002",
    "date": 1516789480,
    "trade_id": 44697023,
    "amount": "59.4282515"
  },
  "44608416": {
    "quantity": "0.00141367",
    "type": "buy",
    "price": "11860",
    "date": 1516732570,
    "trade_id": 44608416,
    "amount": "16.7661262"
  },
  "44631490": {
    "quantity": "0.001",
    "type": "sell",
    "price": "11831.1",
    "date": 1516741202,
    "trade_id": 44631490,
    "amount": "11.8311"
  },
  "44598723": {
    "quantity": "0.00656571",
    "type": "buy",
    "price": "11780",
    "date": 1516729660,
    "trade_id": 44598723,
    "amount": "77.3440638"
  },
  "44598725": {
    "quantity": "0.00228888",
    "type": "sell",
    "price": "11751.99",
    "date": 1516729660,
    "trade_id": 44598725,
    "amount": "26.89889487"
  },
  "44631494": {
    "quantity": "0.00421927",
    "type": "sell",
    "price": "11830.1",
    "date": 1516741202,
    "trade_id": 44631494,
    "amount": "49.91438602"
  },
  "44631495": {
    "quantity": "0.00075551",
    "type": "sell",
    "price": "11830",
    "date": 1516741202,
    "trade_id": 44631495,
    "amount": "8.9376833"
  },
  "44720776": {
    "quantity": "0.02",
    "type": "sell",
    "price": "12052",
    "date": 1516800352,
    "trade_id": 44720776,
    "amount": "241.04"
  },
  "44598739": {
    "quantity": "0.004596",
    "type": "buy",
    "price": "11780",
    "date": 1516729663,
    "trade_id": 44598739,
    "amount": "54.14088"
  },
  "44723108": {
    "quantity": "0.60634515",
    "type": "buy",
    "price": "12058",
    "date": 1516801256,
    "trade_id": 44723108,
    "amount": "7311.3098187"
  },
  "44598750": {
    "quantity": "0.0032172",
    "type": "buy",
    "price": "11780",
    "date": 1516729666,
    "trade_id": 44598750,
    "amount": "37.898616"
  },
  "44697055": {
    "quantity": "0.01123639",
    "type": "sell",
    "price": "11851.2",
    "date": 1516789511,
    "trade_id": 44697055,
    "amount": "133.16470516"
  },
  "44631520": {
    "quantity": "0.00398725",
    "type": "sell",
    "price": "11831",
    "date": 1516741208,
    "trade_id": 44631520,
    "amount": "47.17315475"
  },
  "44631524": {
    "quantity": "0.00447715",
    "type": "sell",
    "price": "11831",
    "date": 1516741209,
    "trade_id": 44631524,
    "amount": "52.96916165"
  },
  "44631526": {
    "quantity": "0.00276845",
    "type": "buy",
    "price": "11845",
    "date": 1516741210,
    "trade_id": 44631526,
    "amount": "32.79229025"
  },
  "44598760": {
    "quantity": "0.001",
    "type": "buy",
    "price": "11780",
    "date": 1516729671,
    "trade_id": 44598760,
    "amount": "11.78"
  },
  "44701266": {
    "quantity": "0.005",
    "type": "sell",
    "price": "11820",
    "date": 1516791803,
    "trade_id": 44701266,
    "amount": "59.1"
  },
  "44598767": {
    "quantity": "0.00200882",
    "type": "buy",
    "price": "11780",
    "date": 1516729672,
    "trade_id": 44598767,
    "amount": "23.6638996"
  },
  "44631537": {
    "quantity": "0.0016282",
    "type": "buy",
    "price": "11849.99999999",
    "date": 1516741218,
    "trade_id": 44631537,
    "amount": "19.29416999"
  },
  "44664306": {
    "quantity": "0.035",
    "type": "sell",
    "price": "11491.22",
    "date": 1516768632,
    "trade_id": 44664306,
    "amount": "402.1927"
  },
  "44664307": {
    "quantity": "0.01608985",
    "type": "sell",
    "price": "11490.45477057",
    "date": 1516768632,
    "trade_id": 44664307,
    "amount": "184.87969369"
  },
  "44664308": {
    "quantity": "0.00156153",
    "type": "sell",
    "price": "11467",
    "date": 1516768632,
    "trade_id": 44664308,
    "amount": "17.90606451"
  },
  "44631541": {
    "quantity": "0.01433116",
    "type": "buy",
    "price": "11850",
    "date": 1516741224,
    "trade_id": 44631541,
    "amount": "169.824246"
  },
  "44631542": {
    "quantity": "0.00132559",
    "type": "buy",
    "price": "11850",
    "date": 1516741224,
    "trade_id": 44631542,
    "amount": "15.7082415"
  },
  "44631543": {
    "quantity": "0.00132559",
    "type": "buy",
    "price": "11850",
    "date": 1516741224,
    "trade_id": 44631543,
    "amount": "15.7082415"
  },
  "44598776": {
    "quantity": "0.00200351",
    "type": "buy",
    "price": "11780",
    "date": 1516729674,
    "trade_id": 44598776,
    "amount": "23.6013478"
  },
  "44631545": {
    "quantity": "0.00132559",
    "type": "buy",
    "price": "11850",
    "date": 1516741224,
    "trade_id": 44631545,
    "amount": "15.7082415"
  },
  "44631546": {
    "quantity": "0.00102629",
    "type": "buy",
    "price": "11850",
    "date": 1516741224,
    "trade_id": 44631546,
    "amount": "12.1615365"
  },
  "44598782": {
    "quantity": "0.00200351",
    "type": "buy",
    "price": "11780",
    "date": 1516729675,
    "trade_id": 44598782,
    "amount": "23.6013478"
  },
  "44575659": {
    "quantity": "0.00223882",
    "type": "sell",
    "price": "11848.51",
    "date": 1516724902,
    "trade_id": 44575659,
    "amount": "26.52668115"
  },
  "44598790": {
    "quantity": "0.0016479",
    "type": "buy",
    "price": "11780",
    "date": 1516729676,
    "trade_id": 44598790,
    "amount": "19.412262"
  },
  "44598794": {
    "quantity": "0.0020036",
    "type": "buy",
    "price": "11780",
    "date": 1516729677,
    "trade_id": 44598794,
    "amount": "23.602408"
  },
  "44701271": {
    "quantity": "0.00299162",
    "type": "sell",
    "price": "11804",
    "date": 1516791803,
    "trade_id": 44701271,
    "amount": "35.31308248"
  },
  "44592045": {
    "quantity": "0.00830459",
    "type": "sell",
    "price": "11820",
    "date": 1516727847,
    "trade_id": 44592045,
    "amount": "98.1602538"
  },
  "44701272": {
    "quantity": "0.01499619",
    "type": "sell",
    "price": "11803",
    "date": 1516791803,
    "trade_id": 44701272,
    "amount": "177.00003057"
  },
  "44598803": {
    "quantity": "1.17",
    "type": "buy",
    "price": "11767",
    "date": 1516729678,
    "trade_id": 44598803,
    "amount": "13767.39"
  },
  "44723118": {
    "quantity": "0.00506736",
    "type": "sell",
    "price": "12061.2566753",
    "date": 1516801256,
    "trade_id": 44723118,
    "amount": "61.11872962"
  },
  "44598807": {
    "quantity": "0.001",
    "type": "sell",
    "price": "11767",
    "date": 1516729682,
    "trade_id": 44598807,
    "amount": "11.767"
  },
  "44598808": {
    "quantity": "0.00637374",
    "type": "sell",
    "price": "11750",
    "date": 1516729682,
    "trade_id": 44598808,
    "amount": "74.891445"
  },
  "44664349": {
    "quantity": "0.0010154",
    "type": "sell",
    "price": "11491.11",
    "date": 1516768714,
    "trade_id": 44664349,
    "amount": "11.66807309"
  },
  "44701275": {
    "quantity": "0.054",
    "type": "sell",
    "price": "11800",
    "date": 1516791803,
    "trade_id": 44701275,
    "amount": "637.2"
  },
  "44701276": {
    "quantity": "0.0399",
    "type": "sell",
    "price": "11800",
    "date": 1516791803,
    "trade_id": 44701276,
    "amount": "470.82"
  },
  "44723122": {
    "quantity": "0.00252803",
    "type": "sell",
    "price": "12061.2566753",
    "date": 1516801256,
    "trade_id": 44723122,
    "amount": "30.49121871"
  },
  "44701277": {
    "quantity": "0.0092074",
    "type": "sell",
    "price": "11796",
    "date": 1516791803,
    "trade_id": 44701277,
    "amount": "108.6104904"
  },
  "44697140": {
    "quantity": "0.00100219",
    "type": "buy",
    "price": "11894.99",
    "date": 1516789556,
    "trade_id": 44697140,
    "amount": "11.92104002"
  },
  "44697141": {
    "quantity": "0.03499781",
    "type": "buy",
    "price": "11894.99",
    "date": 1516789556,
    "trade_id": 44697141,
    "amount": "416.29859997"
  },
  "44697142": {
    "quantity": "0.01",
    "type": "buy",
    "price": "11895",
    "date": 1516789556,
    "trade_id": 44697142,
    "amount": "118.95"
  },
  "44697143": {
    "quantity": "0.01497",
    "type": "buy",
    "price": "11895",
    "date": 1516789556,
    "trade_id": 44697143,
    "amount": "178.06815"
  },
  "44697144": {
    "quantity": "0.00169026",
    "type": "buy",
    "price": "11897",
    "date": 1516789556,
    "trade_id": 44697144,
    "amount": "20.10902322"
  },
  "44697145": {
    "quantity": "0.0020281",
    "type": "buy",
    "price": "11897.1",
    "date": 1516789556,
    "trade_id": 44697145,
    "amount": "24.12850851"
  },
  "44697146": {
    "quantity": "0.00599794",
    "type": "buy",
    "price": "11897.29",
    "date": 1516789556,
    "trade_id": 44697146,
    "amount": "71.35923158"
  },
  "44697147": {
    "quantity": "0.001",
    "type": "buy",
    "price": "11900",
    "date": 1516789556,
    "trade_id": 44697147,
    "amount": "11.9"
  },
  "44697148": {
    "quantity": "0.00264589",
    "type": "buy",
    "price": "11900",
    "date": 1516789556,
    "trade_id": 44697148,
    "amount": "31.486091"
  },
  "44697149": {
    "quantity": "0.028876",
    "type": "buy",
    "price": "11920",
    "date": 1516789556,
    "trade_id": 44697149,
    "amount": "344.20192"
  },
  "44598846": {
    "quantity": "0.00702699",
    "type": "sell",
    "price": "11750",
    "date": 1516729692,
    "trade_id": 44598846,
    "amount": "82.5671325"
  },
  "44697151": {
    "quantity": "0.04475661",
    "type": "buy",
    "price": "11923.91519713",
    "date": 1516789556,
    "trade_id": 44697151,
    "amount": "533.67402215"
  },
  "44697156": {
    "quantity": "0.00125797",
    "type": "buy",
    "price": "11923.91",
    "date": 1516789564,
    "trade_id": 44697156,
    "amount": "14.99992106"
  },
  "44666554": {
    "quantity": "0.001",
    "type": "sell",
    "price": "11554.3",
    "date": 1516771270,
    "trade_id": 44666554,
    "amount": "11.5543"
  },
  "44598857": {
    "quantity": "0.01748039",
    "type": "buy",
    "price": "11780",
    "date": 1516729695,
    "trade_id": 44598857,
    "amount": "205.9189942"
  },
  "44598859": {
    "quantity": "0.00499927",
    "type": "sell",
    "price": "11750",
    "date": 1516729696,
    "trade_id": 44598859,
    "amount": "58.7414225"
  },
  "44598860": {
    "quantity": "0.01608733",
    "type": "sell",
    "price": "11750",
    "date": 1516729696,
    "trade_id": 44598860,
    "amount": "189.0261275"
  },
  "44598863": {
    "quantity": "0.01223627",
    "type": "buy",
    "price": "11780",
    "date": 1516729697,
    "trade_id": 44598863,
    "amount": "144.1432606"
  },
  "44710990": {
    "quantity": "0.00382511",
    "type": "buy",
    "price": "11990",
    "date": 1516797008,
    "trade_id": 44710990,
    "amount": "45.8630689"
  },
  "44598867": {
    "quantity": "0.00856539",
    "type": "buy",
    "price": "11780",
    "date": 1516729698,
    "trade_id": 44598867,
    "amount": "100.9002942"
  },
  "44598868": {
    "quantity": "0.0041",
    "type": "sell",
    "price": "11750",
    "date": 1516729698,
    "trade_id": 44598868,
    "amount": "48.175"
  },
  "44598870": {
    "quantity": "0.00200747",
    "type": "buy",
    "price": "11780",
    "date": 1516729699,
    "trade_id": 44598870,
    "amount": "23.6479966"
  },
  "44598871": {
    "quantity": "0.01748122",
    "type": "buy",
    "price": "11780",
    "date": 1516729700,
    "trade_id": 44598871,
    "amount": "205.9287716"
  },
  "44598873": {
    "quantity": "0.0020941",
    "type": "buy",
    "price": "11780",
    "date": 1516729700,
    "trade_id": 44598873,
    "amount": "24.668498"
  },
  "44598878": {
    "quantity": "0.02003273",
    "type": "buy",
    "price": "11780",
    "date": 1516729700,
    "trade_id": 44598878,
    "amount": "235.9855594"
  },
  "44631651": {
    "quantity": "0.0059",
    "type": "buy",
    "price": "11852.3829659",
    "date": 1516741302,
    "trade_id": 44631651,
    "amount": "69.92905949"
  },
  "44631654": {
    "quantity": "0.00014819",
    "type": "buy",
    "price": "11852.3829659",
    "date": 1516741307,
    "trade_id": 44631654,
    "amount": "1.75640463"
  },
  "44598887": {
    "quantity": "0.01108913",
    "type": "buy",
    "price": "11780",
    "date": 1516729703,
    "trade_id": 44598887,
    "amount": "130.6299514"
  },
  "44598899": {
    "quantity": "0.0023207",
    "type": "sell",
    "price": "11751",
    "date": 1516729709,
    "trade_id": 44598899,
    "amount": "27.2705457"
  },
  "44598900": {
    "quantity": "0.00587598",
    "type": "sell",
    "price": "11750",
    "date": 1516729709,
    "trade_id": 44598900,
    "amount": "69.042765"
  },
  "44631677": {
    "quantity": "0.0078382",
    "type": "buy",
    "price": "11869.56",
    "date": 1516741348,
    "trade_id": 44631677,
    "amount": "93.03598519"
  },
  "44631679": {
    "quantity": "0.0161618",
    "type": "buy",
    "price": "11869.56",
    "date": 1516741350,
    "trade_id": 44631679,
    "amount": "191.8334548"
  },
  "44664450": {
    "quantity": "0.00007833",
    "type": "buy",
    "price": "11511",
    "date": 1516768837,
    "trade_id": 44664450,
    "amount": "0.90165663"
  },
  "44664451": {
    "quantity": "0.00614076",
    "type": "buy",
    "price": "11525.6827453",
    "date": 1516768837,
    "trade_id": 44664451,
    "amount": "70.77645157"
  },
  "44664452": {
    "quantity": "0.02878312",
    "type": "buy",
    "price": "11537.17",
    "date": 1516768837,
    "trade_id": 44664452,
    "amount": "332.07574857"
  },
  "44631685": {
    "quantity": "0.00235146",
    "type": "sell",
    "price": "11869.56",
    "date": 1516741353,
    "trade_id": 44631685,
    "amount": "27.91079555"
  },
  "44664454": {
    "quantity": "0.00127862",
    "type": "buy",
    "price": "11541.42000002",
    "date": 1516768837,
    "trade_id": 44664454,
    "amount": "14.75709044"
  },
